2455 3671
337 293 465 379 164
628 271 1080 342 PRIMAE
1143 263 2004 338 PHILOSOPHIAE

479 393 743 446 quaecunque
751 373 935 434 sunt‚nifi
945 374 970 423 5
981 378 1120 443 primo
1133 374 1213 424 effe
1223 371 1422 424 continue
1433 391 1586 423 eorum
1598 374 1754 424 effendi
1762 378 1888 443 vigor
1897 387 2134 435 emanaret,
2165 402 2201 456 Β

515 450 557 494 ui
566 462 709 493 morus
731 443 853 491 rebus
875 440 1115 491 intrinsecus
1128 438 1153 490 a
1162 446 1303 511 ptimo
1324 442 1445 490 bono
1457 440 1630 490 effluens
1645 474 1660 499 ,
1670 442 1695 490 εὶ
1705 440 1879 491 Platone
1887 447 1932 491 in
1940 441 2136 492 Thimeo

499 511 698 578 ignificari
717 510 907 560 videtur:
921 507 1022 557 cum
1043 514 1085 557 in
1120 514 1182 557 uit
1191 543 1206 567 ,
1218 524 1380 576 patrem
1392 513 1590 557 omniurn
1611 509 1665 557 ad
1686 513 1870 558 minores
1892 513 2013 558 Deos
2032 524 2138 558 con-

481 578 646 626 uersum
659 581 716 625 eis
727 575 978 644 precepisse,
991 590 1038 623 vt
1046 580 1091 623 in
1145 578 1288 623 &ione
1309 574 1559 623 inferior-um
1579 591 1720 624 rerum
1730 611 1745 635 ,
1754 594 1886 640 quam
1896 593 1953 624 eis
1964 576 2140 624 deman-

481 645 652 693 dauerat
670 680 685 701 ,
695 644 734 690 se
744 646 1005 691 imitarentur
1014 676 1025 688 .
1049 645 1241 709 Cupiunt
1252 659 1353 708 ergo
1376 640 1441 689 hae
1458 640 1658 709 suprema:
1679 658 1838 692 mentes
1864 641 2028 709 elargiri
2048 640 2139 690 aliis

481 709 785 779 perfeffionem
797 708 914 758 suam
926 705 1095 756 :verum
1109 709 1164 756 ad
1175 723 1274 756 eum
1285 706 1470 756 modum
1484 706 1826 776 effectionis‚quo
1838 713 2027 777 primum
2036 713 2138 774 agit,

483 774 661 844 quoque
671 794 734 823 res
756 772 942 823 ornnesa
966 778 1171 843 principio
1181 791 1326 822 rerum
1344 778 1543 822 omnium
1556 790 1750 823 emanant
1770 774 2001 823 secundum
2022 774 2063 822 se
2072 790 2143 822 to-

485 861 544 891 tas
557 880 570 901 ,
583 861 632 890 ac
643 839 873 890 confistunt
883 877 898 900 ,
910 847 1111 908 attingere
1121 858 1211 888 non
1232 855 1414 908 queunt3
1427 840 1585 888 idcirco
1604 857 1811 890 conantur
1830 840 2028 889 deteriori
2038 855 2142 888 nota

485 926 588 957 eum
598 925 740 956 tamen
753 905 1008 955 efficicentiae
1020 907 1203 955 modum
1215 905 1399 955 aetnulari
1408 943 1422 964 ,
1432 924 1481 955 ac
1493 925 1565 975 pet
1575 922 1750 956 motum
1772 925 2005 974 corporum
2017 906 2143 955 coele-

486 977 611 1023 stium
621 973 781 1022 formas
794 971 997 1040 effingunt
1005 977 1050 1022 in
1059 973 1139 1020 hac
1149 971 1338 1021 inferiori
1348 977 1521 1021 materia
1530 1008 1546 1029 ,
1556 989 1661 1041 quas
1670 974 1724 1022 ab
1736 972 1950 1022 intellectu
1973 990 2145 1040 accepe-

485 1059 585 1090 runt
606 1039 737 1089 veluti
747 1040 921 1107 quidam
945 1055 1097 1087 naturae
1107 1037 1284 1087 artifices
1298 1039 1607 1106 :quamobrem
1618 1045 1663 1088 in
1685 1039 1912 1088 effefflone
1922 1057 2064 1087 ¹rerum
2082 1044 2144 1086 in·
2170 1065 2201 1110 F

485 1106 657 1156 seriores
669 1124 820 1155 omnes
833 1120 1089 1154 concurrunt
1100 1104 1294 1172 quaedam
1336 1105 1526 1154 erfectins
1540 1142 1552 1162 ,
1560 1105 1845 1173 imperfectius
1856 1104 1944 1154 aliae
1956 1142 1966 1154 .
1978 1104 2148 1153 Intelle-

486 1178 580 1222 &us
594 1171 807 1240 supremus
817 1209 831 1230 ,
843 1170 868 1219 a
884 1190 975 1239 quo
995 1174 1041 1220 in
1061 1174 1219 1219 animas
1242 1189 1310 1219 coe
1326 1189 1452 1220 otum
1464 1171 1640 1220 effluunt
1662 1190 1810 1220 omnes
1831 1171 2004 1230 formae„
2016 1177 2144 1239 patris

489 1245 629 1288 vicem
643 1244 749 1306 gerit
761 1275 775 1296 ,
788 1242 937 1286 animae
947 1235 1041 1304 ipsae
1049 1242 1189 1286 vicem
1202 1242 1344 1285 matris
1354 1276 1368 1296 ,
1378 1255 1426 1285 ac
1446 1238 1644 1286 inferiora
1658 1237 1747 1286 haec
1769 1242 1880 1287 entia
1900 1239 1993 1286 sunt
2014 1236 2148 1286 veluti

489 1306 616 1354 foetus
629 1343 642 1362 ‚
655 1323 763 1373 quos
775 1309 819 1352 in
829 1302 967 1353 lucem
979 1303 1111 1352 edunt
1127 1301 1227 1352 coeli
1236 1320 1362 1352 motu
1374 1312 1416 1351 δε
1429 1301 1588 1352 lumine
1598 1305 1746 1353 medio
1755 1342 1769 1363 ,
1783 1321 1986 1373 tanquam
1998 1304 2150 1353 instru-

489 1375 610 1422 metis
623 1368 876 1439 quibusdam
887 1370 1061 1418 suorum
1071 1369 1260 1417 foetuum
1272 1368 1569 1438 patiendorum
1579 1395 1592 1429 ς
1604 1369 1660 1418 fic
1682 1389 1784 1438 ergo
1798 1389 1868 1439 per
1886 1386 2061 1419 motum
2080 1370 2148 1418 lo-

489 1437 624 1486 calem
641 1456 689 1486 ac
707 1435 852 1484 lumen
872 1434 1085 1484 coelorum
1104 1440 1277 1484 materia
1296 1435 1386 1484 haec
1406 1434 1653 1484 inferiorum
1668 1437 1878 1486 formatur
1896 1436 1960 1484 his
1981 1436 2149 1492 fotmi5‚

489 1522 594 1571 quas
605 1509 753 1551 animae
763 1503 815 1550 ab
826 1501 1037 1550 intelledlm
1050 1502 1304 1570 concepetfit
1318 1540 1328 1549 .
1342 1506 1394 1550 Et
1405 1500 1492 1550 haec
1501 1518 1548 1550 vt
1558 1520 1668 1559 teor,
1679 1504 1739 1550 est
1750 1504 1951 1552 sententia
1963 1502 2148 1550 Platonis

491 1576 537 1618 in
547 1567 850 1618 Thimaeo.hoc
861 1568 930 1616 ide
942 1566 1073 1616 sensus
1089 1586 1267 1636 quoque
1278 1568 1402 1615 nobis
1415 1568 1596 1616 ostendit
1609 1577 1654 1616 δε
1675 1573 1782 1617 tatio
1834 1569 2081 1625 etsuadet,vt
2098 1586 2150 1616 ex

489 1634 667 1684 naturali
680 1633 945 1702 philosophia
959 1638 1113 1700 cuique
1125 1632 1390 1702 perspicuum
1406 1634 1484 1682 effe
1504 1632 1672 1702 liquido
1710 1651 1781 1683 ote
1829 1671 1840 1683 .
1853 1640 1958 1682 Satis
1971 1640 2056 1683 iam
2070 1635 2152 1682 dis·

523 1719 685 1750 uratum
697 1702 755 1749 est
767 1701 819 1749 de
831 1705 1093 1767 incorporeis
1115 1700 1279 1748 entibus
1292 1718 1370 1768 pro
1393 1698 1566 1748 huiuste
1584 1652 1774 1768 opulculi
1786 1700 1924 1749 modo
1933 1718 2006 1759 ,ac
2020 1716 2150 1768 prout

491 1720 687 1817 Eumanae
699 1771 867 1815 tationis
879 1764 1141 1814 imbecillitas
1149 1770 1352 1832 attingere
1360 1763 1472 1813 valet
1482 1783 1530 1814 ea
1540 1803 1554 1825 ,
1564 1784 1658 1834 quae
1668 1766 1808 1834 suapte
1818 1784 1966 1815 natura
1973 1767 2150 1814 manife-
2176 1798 2218 1844 G

492 1832 661 1883 stiffirna
671 1833 761 1881 sunt
771 1871 785 1892 ,
795 1849 924 1900 atque
935 1836 979 1881 in
991 1836 1173 1880 maxima
1183 1829 1278 1879 luce
1288 1830 1514 1880 constituta
1524 1869 1535 1880 .
1549 1830 1752 1880 Paulatim
1764 1837 1806 1881 in
1826 1837 1989 1881 entium
2000 1834 2152 1882 ordine

491 1919 555 1948 res
567 1899 741 1968 api-imo
752 1902 961 1967 principio
983 1898 1258 1964 degenerant,
1282 1895 1428 1944 senfim
1452 1896 1692 1945 dilabuntur
1704 1934 1714 1946 .
1730 1897 1830 1946 ideo
1851 1899 1946 1966 post
1960 1917 2152 1948 naturam

492 1973 643 2016 animae
653 2002 666 2023 ,
679 1983 771 2033 quae
783 1965 857 2012 suo
869 1964 1007 2014 modo
1024 1981 1105 2031 prae
1113 1965 1153 2011 se
1163 1961 1242 2011 fert
1258 1961 1586 2011 diuifibilitatem
1638 1963 1820 2012 uandam
1832 1966 1890 2012 est
1903 1981 2000 2012 natu
2006 1983 2048 2013 ra
2056 1984 2152 2014 cor·

493 2037 607 2100 poris
619 2033 739 2098 quod
750 2031 803 2078 ab
813 2035 953 2078 anima
963 2028 1172 2077 formatur
1184 2067 1194 2077 .
1211 2033 1316 2076 Hoc
1328 2026 1428 2077 verb
1441 2030 1580 2095 primii
1592 1982 1654 2077 el}
1662 2048 1814 2097 corpus
1827 2067 1840 2086 ,
1850 2030 1894 2078 id
1908 2032 1966 2078 est
1977 2030 2154 2090 coelum,

493 2098 615 2166 quod
629 2106 673 2145 δε
685 2094 890 2144 diuifibile
901 2094 1069 2154 est‚lic=et
1083 2093 1263 2143 maxime
1275 2098 1382 2142 inter
1395 2112 1574 2162 corpora
1586 2095 1640 2143 ad
1650 2100 1852 2144 vnitatem
1864 2098 2036 2145 accedat
2050 2118 2060 2144 =
2074 2096 2152 2146 nisi

494 2169 609 2211 enim
621 2161 827 2210 diuifibile
837 2163 933 2210 esset
947 2170 989 2209 &
1001 2160 1348 2228 exte‘sum,vtique
1361 2178 1512 2228 corpus
1524 2162 1582 2208 αὖ
1596 2161 1756 2219 esset,ac
1768 2179 1990 2230 propterea
2001 2164 2082 2211 etii
2092 2165 2152 2211 est

494 2227 671 2286 mobile,
683 2230 737 2276 na
747 2245 878 2276 omne
891 2244 1041 2294 corpus
1055 2224 1217 2275 mobile
1230 2227 1362 2284 est,n6
1373 2233 1486 2274 enim
1498 2227 1620 2294 corp'
1632 2226 1720 2275 vllfi
1730 2228 1898 2276 infinitii
1908 2229 1986 2277 effe
1998 2230 2152 2296 potest,

498 2312 683 2344 attamen
695 2291 974 2360 ingenerabili:
989 2302 1031 2341 δε
1043 2291 1360 2359 incorruptibile
1370 2293 1520 2350 est,nec
1532 2293 1948 2353 diminutionem‚aut
1957 2313 2155 2362 augmen-

499 2378 593 2409 tum
605 2360 737 2409 vllum
749 2362 909 2426 recipit,
923 2402 924 2405 ,
951 2357 1169 2426 enitfisque
1179 2357 1360 2406 cuiusuis
1368 2357 1620 2406 alterationis
1636 2359 1694 2406 est
1704 2379 1754 2407 ex¹
1784 2379 1846 2409 ers
1858 2386 1870 2419 ;
1882 2378 1928 2409 vt
1944 2360 2152 2410 naturales

501 2425 747 2494 philosophi
757 2377 1055 2474 demonfirant:
1069 2442 1198 2499 quare
1209 2443 1260 2471 ex
1270 2425 1488 2490 generibus
1500 2442 1700 2474 motuum
1712 2378 1850 2474 solum
1862 2425 2044 2476 localem
2054 2446 2154 2474 mo-

497 2510 591 2541 tum
603 2493 863 2541 admittit.est
873 2506 1063 2558 ptaetetea
1073 2490 1246 2558 iimplcx
1258 2509 1306 2538 ac
1316 2489 1580 2558 puriffimum
1588 2510 1738 2558 corpus
1750 2514 1762 2539 :
1776 2497 1908 2559 magis
1920 2510 2000 2540 nan
2038 2494 2154 2542 nead
2203 2522 2254 2568 H

497 2565 701 2607 vnitatem
715 2558 875 2606 accedit
889 2556 1061 2625 fimplex
1084 2555 1344 2625 compofitio
1356 2597 1364 2608 .
1376 2558 1554 2624 figuram
1574 2556 1702 2606 habet
1712 2557 1894 2606 maximi:
1906 2512 2154 2627 simplicem,

496 2624 737 2690 sphaeticarn
775 2629 947 2690 inquam
969 2660 983 2682 ‚
1007 2642 1100 2690 quae
1129 2642 1209 2671 vna
1244 2620 1408 2671 tantum
1430 2622 1640 2691 superficie
1660 2630 1898 2672 continetur
1920 2646 1930 2672 :
1954 2643 2156 2675 mouetur

499 2707 625 2738 motu,
637 2689 763 2738 locali
777 2688 959 2737 maxime
969 2689 1159 2756 simplici,
1171 2688 1360 2736 circulari
1370 2695 1646 2757 inquamagit
1657 2690 1834 2758 fimplici
1844 2691 2054 2758 qualitate,
2068 2711 2155 2759 qua

499 2758 558 2803 est
581 2757 799 2823 praeditum
819 2792 833 2811 ,
855 2754 1015 2802 lumine
1047 2754 1240 2803 videlicet
1254 2792 1268 2813 ‚
1290 2756 1412 2822 quod
1436 2755 1688 2804 caliditatem
1709 2758 1922 2823 quandam
1948 2776 2155 2808 annexam

499 2821 630 2870 habet
643 2859 657 2880 „
675 2839 767 2887 quae
780 2821 819 2868 se
841 2820 967 2867 habet
977 2821 1031 2867 ad
1057 2837 1217 2868 caeteras
1242 2821 1458 2887 qualitates
1478 2822 1680 2870 sensibiles
1703 2840 1746 2871 vt
1758 2822 1902 2873 lumen
1920 2825 1974 2872 ad
1986 2823 2154 2873 colores

501 2891 815 2954 omnes.ltaque
827 2884 949 2933 calor
963 2891 995 2933 is
1009 2885 1179 2934 ccclestis
1193 2905 1342 2935 omnes
1362 2887 1458 2936 alias
1472 2887 1686 2955 qualitates
1708 2889 1910 2938 senfibiles
1922 2896 2072 2939 viriute
2084 2888 2155 2939 sua

500 2953 623 3001 fouet
633 2972 681 3000 ac
695 2958 903 3009 continet3
917 2951 1011 2999 licet
1035 2950 1135 2999 cum
1159 2954 1181 3000 5,
1203 2959 1380 3020 puritate
1404 2954 1476 3002 sua
1496 2955 1742 3020 degenerat,
1752 2956 1974 3004 confestim
1986 2958 2154 3006 decidat

501 3025 545 3068 in
569 3018 753 3066 calorem
775 3017 1069 3066 elementarem
1079 3055 1093 3076 ,
1117 3024 1191 3087 qui
1215 3019 1346 3068 calori
1364 3021 1520 3069 coelesti
1540 3026 1674 3089 magis
1694 3028 1957 3090 propinquus
1978 3025 2036 3072 est
2055 3060 2070 3082 ,
2090 3040 2154 3071 at-

498 3104 585 3153 que
597 3090 729 3152 magis
741 3084 1033 3152 attinegquam
1043 3083 1127 3133 vlla
1143 3084 1223 3133 alia
1236 3085 1410 3153 qualitas
1422 3085 1676 3155 fimpliciurn
1686 3107 1928 3158 corporati-13
1940 3088 1996 3138 fic
2008 3088 2154 3138 lumen

497 3148 601 3201 eum
613 3152 637 3200 ὲ
656 3159 797 3220 ptimo
811 3151 1047 3218 degenerat,
1059 3157 1101 3200 in
1111 3150 1352 3202 albedinem
1361 3153 1632 3222 migrat.hinc
1644 3157 1702 3204 est
1712 3157 1834 3224 quod
1845 3158 2058 3206 interdum
2074 3175 2152 3224 pro

1971 3230 2154 3274 materia:
