2455 3671
667 266 1004 337 LIBER
1073 267 1538 338 PRIMVS·
1939 300 2048 366 99

227 401 269 449 Α
293 374 355 437 gis
367 373 631 437 promouetit
651 386 779 439 atque
789 370 1011 438 profecerit
1020 375 1062 418 in
1073 369 1152 420 hac
1163 371 1305 420 diuina
1314 371 1479 420 scientia
1490 409 1501 421 .
1516 376 1628 435 Qae
1639 371 1777 441 fiiapte
1788 390 1933 424 natura

293 437 352 484 est
363 440 488 484 etiam
500 450 738 485 ceterarum
753 436 969 486 certiffima
980 473 991 486 .
1004 441 1122 486 Nam
1135 442 1194 485 rei
1213 441 1442 486 mutationi
1454 438 1654 486 obnoxiat
1664 455 1774 487 certa
1784 444 1936 491 notitia

292 499 470 551 minime
479 501 558 551 effe
567 504 713 570 potest.
721 508 827 568 Qo
839 506 953 551 enim
963 507 1090 570 paeto
1101 503 1146 551 id
1158 501 1272 552 certo
1282 521 1338 552 vn
1372 519 1470 552 uam
1483 505 1779 571 sciueris,quod
1791 510 1834 553 in
1845 506 1932 556 dies

293 583 365 616 aut
374 572 418 615 in
428 565 552 616 horas
564 566 963 635 mutatum-aliudque
974 569 1145 617 fit3Hoc
1153 566 1255 617 vero
1266 574 1308 616 in
1319 522 1440 617 rebus
1452 570 1650 618 omnibus
1663 569 1760 618 litet
1771 575 1934 632 intueri,

326 650 387 681 uae
397 649 542 682 natura
549 636 739 683 confiant
747 672 761 691 ,
771 634 823 683 de
836 634 989 701 quibus
1001 635 1196 682 differunt
1207 634 1290 702 phy
1296 634 1365 682 fici
1376 671 1386 683 .
1399 634 1709 684 Mathematicae
1719 653 1858 684 autem
1872 638 1935 686 di-

292 652 482 766 sciplinz
492 706 683 768 quamuis
697 706 803 748 circa
811 699 1049 748 immobilia
1061 701 1270 748 versantur
1280 737 1292 755 ,
1304 705 1403 768 quia
1413 702 1716 766 magnitudines
1728 719 1776 750 ac
1788 720 1936 752 nume-

293 783 363 812 ros
375 771 633 832 cogitatione
641 765 666 815 a
675 783 800 815 motu
811 764 1130 833 mobilitatkque
1141 767 1323 833 separant
1334 764 1626 821 mihilominus
1638 785 1681 814 re
1694 767 1861 816 mobilis
1875 771 1934 817 est

291 847 375 879 vna
407 849 554 899 uaeque
566 833 1020 899 magnitud0.ptaetetea
1031 837 1170 878 omnis
1183 849 1232 879 ea
1242 837 1432 898 cognitio
1445 850 1533 880 non
1545 831 1724 880 maxime
1734 838 1880 882 nititur
1888 841 1934 883 vi

294 849 687 963 intefiigendiaeuius
699 903 863 965 propria
878 897 1078 964 perfectio
1089 899 1147 944 est
1160 894 1479 951 stientiawenim
1492 897 1622 965 quam
1635 898 1819 946 maxime
1829 906 1934 948 ima-

294 966 521 1029 ginatione,
531 982 659 1030 quam
668 964 831 1030 semper
839 961 913 1012 fibi
926 968 1128 1011 comitem
1139 962 1323 1011 adsciscit
1335 1001 1344 1011 .
1356 967 1451 1011 Hac
1463 968 1536 1030 qui
1548 962 1655 1012 valet
1667 1001 1680 1022 ,
1691 969 1725 1012 is
1740 964 1932 1031 profecto

210 1063 245 1107 B
293 1035 337 1076 in
350 1029 557 1077 eiusmodi
567 1029 787 1096 disciplinis
800 1027 981 1076 excellit.
995 1032 1055 1076 At
1066 1033 1201 1096 prima
1211 1026 1474 1095 philosophia
1488 1026 1670 1094 primum
1683 1049 1730 1077 ea
1742 1047 1933 1079 contem-

295 1093 443 1163 platur,
453 1112 545 1160 quae
556 1100 716 1161 penitus
727 1093 963 1142 immobilia
975 1094 1065 1141 sunt
1075 1130 1088 1151 ,
1102 1103 1140 1142 δι
1157 1094 1209 1141 ab
1224 1099 1346 1142 omni
1356 1093 1467 1142 sensu
1480 1095 1860 1162 imaginationique
1872 1116 1934 1145 rc-

294 1157 523 1208 motiffima
532 1179 543 1206 ε
552 1178 735 1227 quotum
748 1165 942 1208 notitiam
955 1164 1029 1226 qui
1041 1158 1217 1207 voluerit
1230 1158 1369 1226 aliqua
1380 1164 1423 1206 in
1434 1176 1546 1226 parte
1558 1165 1810 1226 attingere,ei
1825 1162 1934 1211 certe

296 1243 403 1292 opus
417 1227 495 1280 οὓς
507 1242 552 1273 vt
565 1223 693 1292 quam
709 1230 937 1273 maximam
949 1226 1077 1293 operi
1088 1225 1225 1278 denne
1236 1229 1535 1290 imaginatione
1545 1224 1859 1274 nitatursverflm
1873 1246 1930 1286 vt,

295 1307 503 1357 quantum
513 1291 599 1338 fieti
641 1293 769 1349 otest,
779 1292 831 1339 ab
843 1295 1140 1357 imaginatione
1150 1286 1349 1356 sensuque
1360 1295 1482 1338 omni
1492 1291 1656 1339 recedat
1666 1327 1676 1338 .
1688 1291 1712 1338 ὲ
1726 1293 1878 1357 quibus
1892 1300 1933 1341 ni

297 1354 595 1422 cauerinquim
622 1356 812 1422 ogiffime
821 1354 845 1404 εὶ
855 1374 991 1404 rerum
1003 1354 1282 1422 intelligibilia
1294 1361 1534 1421 cognitione
1542 1356 1792 1405 retrahetur.
1856 1376 1933 1406 uo-

296 1426 405 1470 circa
415 1425 597 1470 Timaeus
609 1423 721 1490 apud
743 1421 959 1470 Platonem
981 1421 1206 1469 naturalem
1226 1419 1534 1488 philosophiam
1546 1439 1594 1469 ac
1614 1422 1931 1472 mathematicas

296 1485 525 1554 disciplinas
544 1494 719 1536 nomine
729 1503 855 1555 atque
875 1486 1149 1554 appellatione
1159 1488 1332 1534 scientiae
1344 1505 1430 1534 non
1452 1488 1664 1552 dignatum
1678 1487 1744 1535 scd
1756 1489 1932 1556 appellat

296 1551 635 1620 distiplinas,quae
645 1558 890 1621 opinionem
905 1552 1083 1600 fidcmve
1122 1557 1250 1599 ariant
1260 1588 1274 1610 ‚
1286 1567 1522 1599 nouantem
1534 1568 1688 1600 certam
1704 1555 1930 1602 scientiam.

296 1622 381 1666 Res
393 1623 521 1676 enirn,
537 1637 629 1685 quae
639 1636 783 1666 natura
795 1620 997 1674 constant,
1007 1618 1073 1664 sen
1094 1616 1211 1665 tbiles
1223 1616 1453 1684 sumatque
1464 1617 1682 1665 mutabiles
1696 1657 1705 1666 .
1722 1618 1932 1668 Caetertim

295 1688 397 1750 quia
405 1684 457 1731 ab
469 1684 726 1732 immutabili
737 1689 937 1752 principio
953 1684 1131 1750 pendent
1141 1720 1153 1740 ‚
1165 1682 1302 1749 aliqua
1312 1687 1355 1730 in
1368 1700 1494 1750 parte,
1507 1683 1734 1731 secundum
1745 1683 1928 1734 formam

224 1776 265 1819 C
295 1749 831 1816 inquam‚immutabilitatis
842 1755 1053 1816 participes
1066 1748 1298 1814 sunnatque
1312 1753 1473 1796 vnitatis
1486 1768 1495 1794 :
1508 1766 1634 1814 quam
1646 1747 1876 1799 intellectus
1888 1757 1934 1799 vi

295 1814 561 1880 intelligibilis
572 1815 741 1863 luminis
763 1821 805 1862 in
819 1817 939 1863 rebus
961 1813 1069 1862 hisce
1080 1813 1386 1880 deprehendens
1396 1850 1410 1871 ,
1422 1811 1518 1861 licet
1541 1814 1726 1862 sordibus
1750 1821 1930 1864 materiae

297 1880 773 1936 obrutammultitudine
783 1884 1221 1945 inquam‚mutatione.
1234 1895 1358 1945 atque
1370 1883 1654 1927 contractione
1664 1907 1674 1932 ς
1686 1886 1790 1928 eruit
1802 1886 1928 1939 tame',

297 1962 423 2012 atque
431 1951 587 1994 interna
600 1951 641 1995 vi
661 1964 797 1993 rerum
810 1944 1059 1992 sensibilium
1071 1950 1193 1992 conci
1223 1950 1256 1992 it
1276 1943 1549 2010 intelligibiles
1564 1949 1755 1994 notiones
1768 1971 1779 2003 ;
1792 1944 1933 2012 ficique

298 2013 507 2058 scientiam
516 2029 657 2058 earum
671 2012 894 2058 constituit.
907 2015 951 2057 in
963 2028 1045 2076 qua
1057 1963 1335 2076 tameal’iquid
1348 2010 1504 2076 semper
1511 2013 1830 2077 remanet,quod
1843 2030 1932 2059 ma-

298 2081 444 2124 teriam
454 2093 579 2143 atque
591 2075 908 2124 mutabilitatem
919 2075 1097 2143 sapinAt
1107 2073 1410 2122 mathematicae
1424 2080 1786 2142 quantitates,quia
1797 2082 1931 2143 magis

299 2138 325 2187 a
334 2146 504 2191 materia
516 2141 608 2189 sunt
619 2142 825 2188 abstraffitae
835 2177 847 2198 ,
859 2143 911 2188 ad
923 2139 1266 2188 immobilitatem
1278 2145 1408 2205 magis
1420 2140 1620 2188 accedunt
1635 2165 1644 2189 ;
1658 2160 1738 2207 qua
1750 2143 1802 2189 de
1813 2142 1931 2190 causa

298 2207 391 2255 sunt
403 2212 528 2254 etiam
537 2213 743 2255 certiores.
758 2208 859 2255 Ideo
871 2206 989 2254 Plato
1001 2211 1044 2254 in
1054 2206 1167 2253 libris
1179 2206 1232 2253 de
1244 2206 1432 2272 Repuba
1461 2203 1624 2272 pellauit
1638 2206 1931 2255 mathematica

300 2271 489 2339 exempla
499 2274 689 2339 quaedam
701 2291 750 2320 ac
770 2277 967 2338 imagines
982 2273 1168 2320 idearum
1179 2295 1189 2320 ς
1202 2289 1295 2337 quae
1308 2276 1392 2318 eius
1404 2223 1645 2337 philosophi
1656 2272 1848 2319 sententia
1861 2291 1932 2339 per

301 2336 341 2384 se
360 2337 633 2404 intelligibiles
656 2338 747 2385 sunt
761 2358 771 2383 ι
786 2335 1099 2404 plurimumque
1119 2335 1307 2384 hortatur
1317 2354 1389 2383 eos
1400 2373 1414 2394 ,
1426 2341 1500 2403 qui
1519 2341 1562 2384 in
1574 2337 1723 2384 diuinis
1736 2337 1932 2385 excellere

300 2402 509 2451 voluerint
518 2438 531 2459 ,
543 2419 588 2451 vt
600 2403 679 2450 sese
690 2419 901 2450 exerceant
918 2408 962 2451 in
975 2402 1274 2451 mathematicis
1286 2401 1505 2468 disciplinis
1516 2429 1526 2454 ³
1538 2399 1562 2448 :i
1570 2403 1672 2468 quib
1678 2422 1722 2450 us
1732 2402 1861 2449 asserit
1869 2401 1930 2450 fa-

228 2494 273 2538 D
302 2466 423 2516 cilem
435 2468 640 2517 ascensum
651 2470 729 2516 esse
738 2469 792 2516 ad
800 2469 949 2516 diuina.
968 2475 1118 2535 Suapte
1131 2486 1232 2534 ergo
1244 2485 1387 2516 natura
1398 2472 1528 2534 prima
1568 2466 1802 2534 hilosophia
1814 2473 1933 2526 certi-

302 2534 445 2582 tudine
457 2533 582 2600 longe
593 2538 743 2582 caetetis
755 2533 974 2601 disciplinis
983 2532 1208 2581 antecellit:
1227 2550 1268 2580 at
1302 2552 1352 2580 ue
1368 2530 1474 2579 adeo
1485 2485 1638 2579 nobilis
1652 2530 1933 2599 excellknsque

303 2599 375 2652 est,
385 2615 429 2647 vt
441 2603 528 2646 eius
540 2596 795 2666 potiffimum
807 2601 1027 2666 adeptione
1039 2599 1232 2647 homines
1243 2553 1445 2663 adspirent
1456 2597 1509 2644 ad
1520 2598 1705 2645 diuinam
1720 2600 1931 2664 quandam

303 2662 611 2712 similitudinem
623 2697 633 2720 z
674 2684 775 2713 uam
787 2666 923 2731 adepti
943 2670 985 2711 in
997 2670 1138 2711 Deum
1151 2663 1478 2730 quodammodo
1499 2665 1718 2719 transeant,
1732 2681 1779 2708 ac
1790 2663 1932 2710 diuina

303 2727 513 2782 foelicitate
527 2728 601 2776 sint
611 2685 685 2797 ipsi
697 2749 872 2798 quoque
881 2729 1049 2778 foelices.
1116 2733 1223 2776 Non
1236 2746 1374 2777 tamen
1388 2733 1522 2794 quiuis
1534 2733 1616 2774 eius
1628 2728 1825 2794 suprema:
1836 2729 1930 2775 scii-

304 2800 371 2842 tiae
382 2799 453 2842 erit
463 2796 625 2843 auditor
635 2796 825 2850 idoneus,
836 2814 973 2861 neque
983 2801 1133 2842 mentis
1141 2800 1272 2842 aciem
1286 2800 1434 2860 poterit
1445 2793 1570 2858 figere
1580 2797 1622 2839 in
1632 2809 1718 2840 tam
1732 2797 1788 2839 im
1796 2793 1930 2840 mensa

305 2858 399 2908 luce
411 2886 421 2912 ς
431 2858 503 2906 nifi
518 2866 627 2926 ptius
641 2866 789 2909 caeteris
809 2862 979 2908 scientiis
991 2860 1113 2907 fuerit
1133 2862 1318 2907 imbutus
1330 2875 1454 2924 atque
1476 2863 1610 2924 prauis
1621 2874 1815 2924 purgatus
1832 2856 1932 2904 affe-

307 2926 443 2973 Ctibus
457 2962 465 2973 .
479 2929 594 2972 Nam
605 2931 771 2994 imputo
783 2944 933 2990 purum
951 2941 1113 2992 tangere
1123 2924 1317 2972 nonlicet
1329 2941 1394 2979 ‚vt
1404 2927 1542 2990 inquit
1552 2922 1670 2970 Plato
1682 2961 1692 2971 .
1707 2929 1806 2988 Qa
1818 2928 1932 2970 enim

307 2990 615 3039 machinatione
629 2998 790 3040 animus
803 2992 989 3039 addistus
1001 2991 1137 3039 studio
1149 2994 1345 3058 pecuniae,
1354 3006 1426 3036 aut
1436 2990 1604 3048 ventose
1616 2988 1841 3053 gloriae,aut
1854 2990 1933 3035 ob-

308 3055 452 3104 scoenis
463 3055 743 3125 voluptatibus
765 3056 937 3105 seruiens
951 3074 1076 3124 capax
1089 3062 1163 3104 erit
1183 3053 1466 3103 altissimarum
1487 3058 1696 3102 causarum
1708 3076 1718 3102 s
1730 3071 1822 3120 quae
1844 3072 1933 3101 non

308 3119 471 3172 tantum
493 3121 517 3171 ὲ
534 3128 703 3173 materia
719 3118 1043 3189 mortalibusque
1063 3123 1197 3187 rebus.
1207 3118 1442 3187 longiffime
1462 3120 1610 3167 distant
1630 3141 1640 3167 ε
1660 3125 1932 3170 verumetiam
