2455 3671
658 263 1057 336 REPVB·
1126 266 1469 341 LIBER
1554 271 1599 340 I·

248 371 287 416 A
316 370 509 420 suffecstus
531 370 581 418 fit
591 407 602 419 .
614 370 683 419 sed
703 370 870 419 inferius
881 371 935 420 de
953 377 1188 439 interregno
1201 377 1346 423 Nunc
1356 378 1496 422 omnis
1508 379 1781 426 comitiorum
1792 375 1951 426 haben-

247 1047 276 1091 Β
304 1034 417 1078 certis
429 1027 669 1096 statutisque
686 1031 847 1078 sedibus
857 1066 871 1088 ,
883 1032 1111 1078 Aduocato
1117 1048 1177 1079 res
1189 1030 1330 1079 sedent
1340 1067 1353 1088 ,
1366 1031 1527 1098 tresque
1538 1033 1687 1080 decem
1696 1038 1944 1147 virum‘prae-

233 1777 271 1840 ,C

306 440 469 486 dorum
489 442 595 484 ratio
607 433 632 483 εὶ
651 438 774 484 nobis
796 454 1048 503 exponetur.
1061 442 1185 487 Circa
1195 442 1438 498 meridiem,
1450 442 1686 508 quibusque
1705 442 1790 490 fere
1800 444 1948 492 diebus

303 505 414 552 festis
430 500 649 550 consilium
659 500 747 548 hoc
767 506 933 568 cogitur
943 502 1018 551 sub
1029 502 1173 570 arriplo
1185 505 1213 552 s
1231 504 1578 572 aciosoquetctsto
1589 543 1604 562 ‚
1616 509 1732 572 quod
1748 507 1951 577 liceatap-

302 568 455 638 pellere
465 571 687 615 comitium
700 603 711 615 .
725 571 770 615 iu
781 586 834 615 eo
851 568 997 618 decem
1011 569 1102 618 sunt
1121 524 1262 620 sedilia
1272 569 1530 638 longissima,
1540 590 1589 620 vt
1616 590 1687 621 ote
1698 592 1790 640 qua:
1810 573 1950 642 longi-

303 636 491 683 tudinem
511 636 673 694 comitij
685 632 791 700 pene
802 651 835 681 ε
869 650 969 683 uent
979 673 989 684 .
1002 640 1113 684 ciues
1125 653 1275 684 omnes
1288 654 1334 685 vt
1345 637 1520 706 quisque
1530 591 1680 687 coloci
1698 647 1945 707 peruenerit,

303 700 445 751 sessum
465 715 644 758 eunt,vt
655 703 721 747 cui
755 717 807 748 ue
827 698 857 747 li
889 699 1133 749 uerit.nulli
1153 707 1268 750 enim
1289 703 1460 752 statutus
1474 705 1530 752 est
1550 706 1669 753 locus
1682 710 1724 754 in
1748 711 1946 764 comitio,

304 782 571 836 praeterquam
583 766 715 832 quibu
736 766 834 815 darn
857 766 1185 833 magistratibus,
1227 772 1272 815 ui
1292 774 1473 818 comitiis
1484 772 1678 838 praesunt.
1692 774 1720 834 ij
1732 769 1833 820 veto
1855 774 1949 821 sunt

303 834 410 889 dux,
422 829 642 893 consiliarii
655 840 715 888 ,δε
728 848 763 880 x
783 849 817 880 x
835 848 870 880 x
889 848 925 880 x
944 833 1088 882 virorii
1137 851 1189 881 rae
1207 833 1295 881 ides
1307 850 1410 890 tres,
1422 840 1498 902 qui
1517 842 1559 884 in
1574 838 1734 885 elatiori
1750 840 1792 885 su
1827 842 1946 904 gestu

303 899 437 948 sedent
447 913 511 955 ,at
545 915 596 945 ue
607 897 683 946 soli
701 902 763 945 ius
775 897 929 947 habent
947 851 1149 947 referendi
1158 899 1212 947 ad
1223 916 1426 966 magnum
1438 901 1660 950 confilium
1673 939 1683 951 .
1698 857 1887 952 Ροῖὲῗὶοε
1900 910 1944 953 in

303 964 448 1014 mediis
471 961 556 1011 fere
575 962 791 1022 subselliis,
805 982 899 1030 qua:
919 962 1044 1032 paulo
1056 964 1226 1013 elatiora
1247 965 1403 1014 suntad
1426 970 1599 1033 parietes
1614 973 1780 1048 ⁶⁰mi¹³l
1799 969 1944 1036 posita,

302 1096 404 1145 fides
415 1132 428 1154 ,
439 1113 488 1144 ac
497 1095 673 1143 demum
685 1093 815 1162 quim
827 1094 1293 1162 longiffirnedsuggestu
1308 1101 1440 1146 Ducis
1452 1100 1544 1145 sunt
1564 1097 1750 1146 subsellia
1760 1102 1828 1146 Au
1862 1105 1945 1148 ito-

300 1180 395 1210 rum
405 1177 594 1210 veterum
603 1198 617 1219 ,
629 1179 677 1208 ac
697 1165 923 1209 recentium
933 1196 948 1215 ,
959 1162 1011 1209 de
1021 1162 1173 1229 quibus
1185 1162 1384 1210 omnibus
1396 1162 1700 1228 magistratibus
1710 1162 1734 1210 ai
1746 1165 1869 1212 nobis
1880 1170 1944 1214 in-

300 1226 362 1275 fra
371 1228 531 1274 dicetur
541 1264 551 1275 .
565 1230 698 1274 caeteri
707 1223 809 1274 vero
821 1231 929 1275 ciues
943 1245 1089 1275 omnes
1101 1230 1165 1288 (vt
1177 1227 1384 1283 dicebam)
1402 1226 1641 1295 promiscue
1654 1247 1732 1296 pro
1744 1234 1874 1278 animi
1884 1248 1946 1279 ar-

303 1294 425 1342 bitrio
447 1293 587 1340 sedent
599 1323 608 1335 ·
619 1293 769 1340 statuta
789 1292 939 1341 deinde
957 1291 1064 1340 hora
1083 1291 1194 1340 fores
1205 1298 1365 1355 comitij
1390 1293 1660 1352 clauduntur,
1672 1294 1944 1363 feranturque

302 1358 433 1407 claues
447 1359 499 1406 ad
511 1358 749 1423 suggestum
761 1362 953 1425 principis
969 1394 981 1414 ,
996 1367 1039 1406 &
1051 1359 1103 1406 ad
1116 1362 1201 1406 eius
1225 1359 1349 1424 pedes
1361 1357 1551 1407 locantur
1562 1395 1572 1406 .
1590 1376 1690 1407 tunc
1711 1360 1838 1408 scriba
1862 1367 1945 1427 pri-

301 1442 391 1473 mus
403 1459 417 1478 ,
430 1428 505 1491 qui
525 1423 663 1471 honos
675 1425 733 1471 est
743 1441 831 1470 non
847 1428 1117 1490 patriciorum
1130 1457 1144 1478 ‚
1155 1429 1347 1471 maxima:
1364 1440 1506 1472 tamen
1518 1425 1726 1490 dignitatis
1737 1462 1750 1483 ,
1762 1427 1942 1491 asurgit,

301 1506 425 1556 atque
435 1489 603 1538 elatiore
613 1487 713 1537 loco
726 1489 971 1538 constitutus
981 1507 1089 1539 voce
1108 1506 1262 1555 magna
1272 1494 1520 1556 pronunciat
1536 1491 1792 1556 magistratus
1804 1528 1818 1547 ,
1832 1510 1942 1557 quo-

300 1573 395 1605 rum
411 1556 503 1604 finnt
521 1550 575 1603 eo
588 1555 655 1603 die
671 1554 863 1604 habenda
883 1559 1055 1604 comitia
1067 1593 1078 1605 .
1091 1558 1372 1622 pronunciatis
1396 1555 1696 1621 magistratibus
1707 1593 1720 1616 ,
1735 1562 1940 1607 continuo

301 1641 349 1670 cx
359 1641 409 1669 eo
422 1621 521 1670 loco
534 1620 697 1670 confert
715 1623 757 1669 se
767 1622 819 1670 ad
831 1621 1065 1688 suggestum
1083 1626 1127 1670 in
1139 1639 1227 1688 quo
1242 1622 1300 1668 est
1310 1625 1494 1688 princeps
1509 1658 1522 1680 ,
1532 1618 1698 1689 altz‘tque
1709 1641 1764 1672 vo
1771 1642 1817 1672 ce
1839 1629 1940 1672 citat

299 1689 553 1754 magistratus
565 1725 579 1746 ,
591 1686 775 1756 praefides
795 1692 1067 1737 comitiorum
1080 1705 1187 1754 quos
1207 1687 1326 1755 supra
1333 1692 1662 1736 memorauimus
1673 1725 1686 1746 ,
1698 1705 1742 1736 vt
1754 1690 1806 1737 ad
1832 1694 1941 1756 prin-

300 1760 435 1822 cipem
445 1752 511 1803 seu
525 1753 778 1803 consiliarios
789 1791 803 1812 ‚
817 1753 847 1802 fi
859 1759 1045 1822 princeps
1055 1754 1248 1813 abfuerit,
1258 1754 1454 1802 accedant
1464 1790 1476 1802 .
1490 1752 1581 1801 iuffi
1594 1754 1812 1803 confestim
1824 1774 1942 1803 accc-

300 1822 405 1868 dunt
415 1857 429 1878 ‚
439 1818 583 1887 ibique
593 1822 857 1868 iureiurando
867 1819 1111 1888 interposito
1120 1819 1370 1886 pollicentur
1386 1837 1556 1886 operam
1568 1820 1607 1867 se
1618 1822 1786 1868 daturos
1798 1858 1813 1876 ,
1826 1838 1872 1869 vt
1882 1821 1940 1869 le-

300 1905 371 1954 ges
383 1891 657 1935 comitiorum
667 1887 896 1944 seruentur,
909 1883 1260 1954 pronunciaturos
1282 1904 1336 1933 ue
1346 1891 1482 1933 ciuem
1494 1904 1590 1933 eum
1604 1923 1617 1944 ,
1630 1891 1703 1953 qui
1714 1903 1857 1935 contra
1866 1887 1941 1935 de·-

302 1970 411 2000 creta
430 1951 589 2020 aliquid
610 1972 631 2000 e
663 1958 739 2001 crit
747 1990 761 2012 ,
773 1971 821 2001 ac
841 1971 965 2020 poena
983 1951 1141 2019 legibus
1163 1905 1386 2000 constituta
1406 1957 1622 2019 punituros
1638 1989 1648 2000 .
1663 1953 1742 2000 His
1764 1956 1937 2019 peractis

301 2020 356 2067 ad
365 2018 436 2067 sua
479 2017 621 2086 uisque
633 1970 733 2067 ΞΙζῡετι
745 2024 961 2068 reuertitur
971 2056 983 2078 ‚
995 2035 1137 2086 praeter
1146 2035 1278 2066 vnum
1290 2036 1342 2066 ex
1362 2018 1704 2066 Aduocatoribus
1714 2055 1728 2073 ,
1740 2036 1786 2067 ac
1804 2037 1935 2067 vnum

301 2105 351 2133 ex
359 2102 441 2153 ptae
461 2090 558 2135 offis
571 2086 717 2134 decem
727 2083 867 2135 virsim
877 2122 891 2144 ,
903 2090 979 2152 qui
999 2086 1050 2133 ad
1063 2102 1289 2132 extremam
1330 2101 1458 2132 artem
1480 2088 1568 2144 atrij
1582 2085 1621 2132 se
1634 2084 1854 2132 conferunt
1864 2086 1940 2132 ad·-

302 2154 459 2199 uerfiun
471 2156 659 2219 principis
673 2152 876 2218 suggestui
887 2188 899 2210 ,
909 2149 1053 2218 ibique
1063 2151 1268 2200 destinatis
1306 2150 1450 2198 edibus
1462 2148 1676 2198 confident
1688 2186 1698 2198 .
1712 2148 1858 2217 reliqui
1870 2169 1940 2198 ve-

301 2236 349 2266 ro
371 2219 663 2267 Aduocatores
683 2223 727 2265 in
749 2219 895 2266 dextro
907 2216 1029 2266 latere
1047 2221 1207 2278 comitij
1221 2253 1234 2274 ,
1246 2216 1334 2264 duo
1352 2213 1454 2264 νει-ὸ
1466 2214 1614 2282 reliqui
1634 2216 1780 2263 decem
1798 2214 1940 2265 vii-iim

299 2281 483 2352 pra-fides
505 2285 663 2332 sinistro
673 2282 831 2332 latet-ee
851 2288 1021 2350 regione
1031 2283 1354 2332 Aduocatorum
1368 2282 1406 2329 se
1424 2286 1524 2329 item
1536 2281 1676 2330 locant
1690 2318 1700 2330 .
1714 2281 1940 2330 Consimili

300 2356 459 2398 ratione
471 2352 693 2399 Auditorcs
705 2367 859 2399 veteres
871 2359 913 2398 &
923 2365 1102 2398 recentes
1113 2366 1300 2396 extremo
1311 2347 1412 2395 loco
1424 2351 1584 2407 comitij
1598 2366 1748 2413 ,quem
1760 2348 1938 2396 dicimus

301 2414 535 2483 longiffirne
545 2418 689 2466 distare
699 2414 723 2465 ὲ
733 2415 923 2531 Γυέἕείὶιι
934 2420 1139 2483 principis,
1150 2411 1350 2482 oppositis
1360 2412 1548 2462 lateribus
1561 2411 1945 2469 confidenssdextro

232 2502 273 2547 D
303 2487 475 2549 inquam
493 2502 539 2532 ac
551 2483 709 2532 finisti-o
723 2504 733 2530 :
745 2500 790 2531 vt
841 2483 1049 2530 uiusmodi
1061 2482 1372 2548 magistratuum
1386 2477 1566 2527 consessu
1578 2478 1766 2527 vniuerso
1780 2483 1938 2528 ciuium

303 2548 447 2597 cosilio
458 2555 577 2597 omni
589 2569 637 2598 cx
674 2566 757 2598 arte
767 2548 945 2616 appositi
955 2548 1145 2596 custodes
1159 2548 1237 2594 effe
1247 2547 1528 2603 videant-ur,ne
1538 2549 1628 2610 quis
1640 2549 1810 2612 impune
1822 2551 1938 2612 quip-

303 2621 415 2683 piam
427 2634 545 2682 agere
557 2634 611 2692 po
647 2631 837 2672 1t,contra
847 2614 957 2681 leges
973 2623 1015 2662 δε
1029 2617 1302 2662 comitiorum
1314 2612 1496 2660 decreta.
1508 2611 1812 2677 Magistratibus
1826 2611 1936 2658 hunc

304 2687 347 2729 in
357 2683 491 2730 modii
504 2681 705 2750 dispositis
719 2698 795 2729 tres
809 2698 917 2729 vrnae
927 2685 1041 2728 iuxta
1063 2683 1252 2747 principis
1264 2678 1500 2758 suggestum
1520 2678 1750 2725 statuuntur
1760 2714 1772 2732 ,
1784 2681 1826 2724 in
1844 2682 1937 2744 qui-

303 2749 379 2795 bus
401 2750 639 2796 conduntur
687 2746 821 2795 [obuli
837 2751 949 2795 aurei
969 2743 1254 2813 argenteiquet
1272 2742 1440 2810 hocque
1456 2743 1592 2790 modo
1604 2741 1882 2810 dispofitae‚vt
1894 2748 1938 2792 in

305 2815 447 2862 medio
459 2815 647 2882 suggestu
657 2766 709 2862 {t
719 2833 799 2863 vna
809 2851 821 2872 ,
834 2832 885 2862 ex
893 2829 1032 2879 vtroq;
1043 2810 1167 2860 latere
1177 2810 1324 2859 itidem
1336 2828 1428 2868 vna,
1439 2814 1482 2857 in
1494 2826 1668 2876 quarum
1681 2806 1854 2876 vertique
1868 2815 1939 2857 tri-

307 2885 419 2946 ginta
437 2897 599 2929 tantum
619 2881 711 2928 sunt
759 2878 896 2927 lobuli
915 2873 1376 2936 aurei,innumerivero
1400 2879 1656 2940 argentei-in
1676 2875 1816 2922 media
1836 2873 1936 2923 ver&

307 2962 407 2994 vrna
425 2963 453 2995 1.
472 2963 517 2995 x.
531 2963 691 2995 tantum
713 2898 879 3012 gllobuli
899 2945 1356 3010 conduntur,qu0rum
1378 2944 1542 3006 triginta
1560 2940 1624 2988 stx
1647 2946 1782 3009 aurei,
1796 2958 1938 3007 argen-

307 3030 361 3060 tei
371 3010 470 3060 ver&
483 3017 629 3079 viginti
639 3029 821 3079 quatuor
833 3030 843 3057 :
857 3007 1029 3076 suntque
1039 3014 1153 3058 aurei
1163 3025 1310 3056 omnes
1322 3004 1498 3072 globuli,
1512 3011 1628 3053 certis
1640 3005 1850 3054 literarum
1860 3025 1938 3054 no-

309 3081 356 3126 tis
376 3079 555 3148 inscripti
569 3097 697 3148 ,quas
719 3074 885 3145 fiugulis
907 3080 1089 3124 comitiis
1111 3074 1219 3125 sorte
1239 3074 1509 3131 educunt,ne
1529 3089 1614 3140 qua
1632 3072 1938 3186 pffiasubeffe

1965 310 2064 377 271
