2455 3671
877 264 1014 332 DE
1077 257 1838 331 VENETORVM

470 383 615 419 nerant
624 371 666 417 in
677 366 862 416 nostram
873 369 1111 416 societatem
1118 403 1132 426 ,
1143 366 1283 416 danda
1291 370 1417 415 etiam
1428 383 1559 434 opera
1566 366 1648 414 fuit
1655 381 1703 415 vt
1713 368 1820 415 tueri
1828 361 2020 414 libertate
2027 363 2125 435 poi:
2189 358 2230 404 Ε

470 437 560 484 stnt
569 441 612 483 in
623 451 755 502 quam
767 436 806 482 se
815 435 1286 483 afferma-anteactum
1295 437 1469 482 Venetae
1477 432 1588 482 vrbis
1594 429 1702 481 ‘fitus
1713 447 1861 500 vtpote
1903 447 1965 480 nae
1975 430 2126 481 condi-

469 518 513 550 ta
521 501 581 550 est
589 506 632 549 in
645 501 792 549 mediis
803 501 1005 558 aestuariis,
1014 503 1191 548 minime
1200 498 1432 566 patiebatur
1440 499 1606 546 nostros
1618 502 1731 547 ciues
1744 499 1861 566 impe
1894 514 1940 547 ur
1952 514 2128 566 operam

471 568 570 616 dare
579 565 694 615 bello
706 566 894 625 terrestri,
905 562 1063 614 filiusve
1073 564 1213 613 studio
1223 563 1380 612 diutius
1391 564 1567 613 detineri
1576 599 1592 623 ,
1604 562 1691 614 fine
1699 581 1745 612 m
1828 581 1859 612 o
1869 562 2056 630 periculo
2067 563 2128 613 se-

472 633 645 682 ditionis
656 630 799 680 ciuilis.
811 648 910 679 nam
921 635 1033 680 ciues
1043 628 1139 679 illos
1153 633 1228 698 qui
1237 630 1432 678 terrestria
1440 627 1542 677 belli
1550 629 1692 679 studiis
1704 630 1745 680 se
1784 629 1957 679 ediffent
1966 666 1980 688 ,
1992 633 2129 679 maio-

470 716 564 748 rem
573 702 669 746 anni
735 713 840 746 rtem
851 714 973 764 agere
990 702 1035 745 in
1045 699 1279 745 continenti
1288 729 1302 750 ,
1312 692 1457 763 ibinue
1468 703 1660 763 &equor
1671 694 1780 745 alere
1787 730 1803 755 ,
1817 704 1861 746 δε
1873 696 2128 746 terrestribus

473 768 691 813 certamini
721 781 769 811 us
787 763 827 811 se
835 779 1022 812 exercere
1033 779 1141 830 opus
1159 761 1415 829 fixissettquin
1425 777 1473 811 vt
1533 766 1694 810 ritiorer
1704 765 1763 810 rei
1772 758 1958 810 militaris
1968 761 2129 821 fierent,

473 848 581 898 opus
591 829 727 878 fuerat
735 828 767 878 si
778 829 952 897 quando
962 828 1087 879 domi
1095 832 1243 876 ocium
1259 827 1312 875 ab
1323 831 1448 876 armis
1478 828 1594 875 uiss'et
1603 842 1768 876 externa
1775 825 1885 876 bella
1894 828 2127 885 adiuiffent,

472 900 518 944 in
528 893 659 963 iisc'iue
668 899 859 944 animum
871 899 1019 962 pariter
1031 902 1074 943 δε
1086 911 1266 960 corpora
1276 893 1544 950 duraffennvt
1552 896 1597 941 in
1608 911 1656 942 ea
1665 892 1885 942 funfflone
1895 911 1994 942 cum
2003 892 2130 943 laude

471 963 621 1011 versati
640 962 803 1028 poffent
815 969 857 1008 δε
869 965 1007 1028 patriae
1021 959 1233 1027 prodeffe:
1248 959 1361 1007 secus
1371 975 1516 1007 autem
1527 957 1559 1006 fi
1570 959 1754 1007 feciffent
1762 995 1777 1018 ,
1790 963 1921 1026 inepti
1932 960 2128 1026 profer

471 1045 563 1075 non
576 1025 739 1075 tantfim
750 1031 1188 1094 Imperatotet,vemrn
1199 1028 1326 1073 etiam
1336 1022 1488 1073 militer
1498 1022 1664 1073 finiffent
1674 1062 1686 1073 .
1702 1028 1810 1072 Haec
1820 1042 1922 1074 vero
1934 1023 2128 1092 fiequens
2152 1033 2186 1076 F

473 1089 737 1140 consuetudo
748 1094 968 1140 continetis
981 1087 1227 1157 vrbanaet‘lue
1244 1089 1488 1138 intermiffio
1500 1089 1732 1139 fictionem
1742 1090 1956 1158 quandam
1966 1095 2130 1140 ciuium

472 1156 595 1207 facile
616 1157 829 1226 peperiffet
847 1157 900 1205 ab
911 1155 998 1205 aliis
1021 1157 1183 1204 ciuibus
1195 1154 1446 1204 difiunfflm
1458 1193 1469 1204 .
1494 1172 1750 1224 quapropter
1768 1155 2052 1224 proculdubio
2067 1175 2130 1205 rea

474 1229 639 1274 Veneta
649 1224 767 1272 breui
786 1223 839 1271 ad
849 1221 1052 1271 fafflones
1063 1240 1112 1270 ac
1131 1221 1242 1270 bella
1252 1219 1390 1270 ciuilia
1398 1219 1581 1270 deduEka
1598 1220 1734 1270 firiffet
1746 1258 1757 1270 .
1776 1226 1949 1271 Omitto
1960 1226 2128 1272 interim

473 1289 609 1356 quim
619 1307 797 1356 magnos
807 1289 969 1356 spiritus
981 1292 1111 1336 animi
1121 1292 1282 1336 ciuium
1294 1288 1658 1355 cocepiss‘engcum
1670 1286 1902 1354 plurimum
1912 1293 2038 1336 armis
2048 1306 2130 1356 po·-

474 1351 969 1420 tuiffentdnbuiffentilne
981 1351 1217 1420 frequentes
1230 1352 1566 1402 adsestatoreswt
1574 1351 1802 1402 hominum
1815 1370 1960 1402 natura
1970 1353 2130 1422 semper

475 1421 529 1469 ad
543 1419 747 1469 malitiam
757 1425 933 1488 pronior
943 1420 1001 1468 est
1014 1457 1024 1468 .
1037 1437 1133 1486 quae
1143 1434 1266 1477 res,vt
1279 1437 1330 1466 ex
1368 1417 1571 1467 ristorum
1582 1425 1867 1468 monumentis
1880 1418 2000 1467 facile
2010 1419 2130 1468 intel-

474 1484 550 1552 ligi
561 1487 710 1554 potest,
719 1487 877 1554 semper
887 1490 1131 1534 Romanam
1141 1485 1340 1552 Rempub
1360 1490 1465 1533 'cam
1476 1490 1640 1533 vexauit
1650 1521 1664 1543 ,
1676 1483 1962 1534 contumaces
1976 1504 2026 1533 ue
2038 1505 2129 1535 non

473 1570 633 1620 paucos
645 1557 870 1600 Romanos
882 1556 993 1599 ciues
1004 1550 1262 1618 Reipublicae
1270 1548 1430 1617 legibus
1444 1560 1488 1599 δε
1500 1556 1670 1599 Senatus
1682 1551 1853 1599 decretis
1865 1550 1936 1599 red
1967 1552 2068 1606 fidit,
2078 1570 2128 1600 ac

473 1618 653 1666 demum
671 1616 825 1665 Iulium
847 1618 1053 1664 Caesarem
1080 1632 1306 1681 tyrannum
1324 1620 1512 1664 Romani
1526 1621 1688 1684 imperij
1702 1616 1800 1664 fecit
1811 1654 1822 1665 .
1852 1619 1924 1664 Ne
1934 1634 2036 1683 ergo
2048 1617 2128 1666 hu-

473 1684 663 1732 iusmodi
673 1683 879 1751 quispiam
891 1682 1065 1731 morbus
1075 1686 1120 1730 in
1133 1687 1340 1731 Venetam
1352 1687 1566 1731 ciuitatem
1576 1680 1928 1750 obreperet,satius
1944 1689 2126 1732 maiores

474 1750 607 1798 nostri
616 1749 695 1797 effe
705 1750 946 1806 statuerunt,
955 1763 1003 1796 vt
1013 1752 1264 1796 continentis
1278 1753 1500 1815 imperium
1511 1764 1682 1796 externo
1694 1753 1834 1816 potius
1844 1766 1894 1796 ac
1904 1749 2124 1797 conducto
2147 1758 2190 1802 G

473 1814 609 1863 milite
621 1813 751 1882 quaint
762 1819 930 1864 Veneto
941 1812 1496 1881 destndetetur.stipendium
1506 1812 1607 1862 veto
1618 1813 1696 1862 illis
1706 1815 1846 1863 statuit
1856 1833 1906 1862 ex
1914 1813 2127 1880 veetigali-

479 1882 559 1928 bus
575 1886 707 1928 totius
718 1882 1087 1947 prouinciae.aequfi
1097 1884 1209 1927 enim
1221 1896 1308 1927 erat
1320 1885 1406 1928 eius
1416 1885 1596 1946 regionis
1606 1879 1772 1948 impefis
1786 1879 1961 1928 militem
1972 1886 2126 1939 viuere,

475 1950 551 2014 qui
562 1946 615 1994 ad
627 1963 721 1994 eam
733 1945 931 1993 tuendam
943 1943 1159 1994 accersitus
1171 1945 1316 1999 fuerat.
1330 1950 1372 1993 in
1384 1944 1492 1994 hanc
1502 1944 1696 1994 militiam
1708 1945 1876 2013 plurimi
1886 1947 1985 2007 socij
1999 1946 2124 1994 ditio-

475 2016 539 2060 nis
549 2013 697 2059 nostrae
717 2011 907 2078 adscripti
925 2014 1039 2058 sunt:
1085 2027 1240 2059 uorum
1252 2010 1443 2059 nonnulli
1464 2013 1516 2059 ad
1529 2012 1738 2060 summam
1748 2016 1910 2080 imperij
1924 2017 1966 2060 in
1978 2013 2123 2060 nostro

476 2081 657 2125 exercitu
669 2077 895 2134 deuenere,
905 2094 1033 2143 atque
1043 2029 1101 2124 dl>
1114 2094 1175 2124 res
1189 2081 1352 2143 egregie
1371 2078 1500 2144 gestas
1513 2083 1674 2126 Veneta
1686 2082 1852 2127 ciuitate
1866 2075 2124 2145 patricioque

474 2149 565 2191 iure
576 2143 723 2191 donati
743 2141 834 2190 sunt
844 2178 854 2188 .
865 2147 924 2191 Vi
953 2158 995 2190 et
1015 2141 1154 2190 adhuc
1165 2143 1304 2190 nostra
1324 2158 1438 2190 aetate
1450 2160 1608 2191 nornen
1627 2142 1927 2192 Bartholomaei
1938 2148 2123 2192 Coionei

475 2206 767 2275 Bergomenfis
779 2244 793 2264 ‚
803 2211 880 2255 viri
898 2207 927 2256 il
945 2206 1149 2256 ustriffimi
1161 2217 1204 2255 &
1226 2207 1382 2256 summi
1402 2213 1666 2276 Imperatoris
1678 2246 1690 2265 ,
1704 2215 1778 2276 qui
1788 2208 1922 2258 multa
1934 2208 2123 2276 praeclara

474 2273 587 2322 bella
596 2273 840 2327 confecitac
851 2279 1057 2322 Venetam
1069 2274 1276 2322 ditionem
1288 2278 1670 2342 auxit=quapropter
1680 2277 1856 2342 equestri
1868 2276 1994 2323 statua
2007 2279 2048 2323 in
2063 2293 2124 2322 ce-

475 2338 583 2388 lebri
593 2339 703 2387 vrbis
715 2337 815 2388 loco
827 2338 853 2387 a
862 2344 925 2387 Re
958 2337 1095 2387 ublica
1105 2339 1342 2388 honestatus
1354 2339 1434 2388 fuir
1444 2376 1456 2387 .
1470 2346 1596 2388 Ciues
1608 2346 1736 2406 igitur
1746 2346 1898 2391 Veneti
1908 2359 1954 2388 ea
1964 2341 2016 2388 de
2026 2359 2122 2388 cau-

475 2406 663 2473 sa,quam
677 2358 1005 2464 retuli,terrel{ris
1019 2403 1175 2454 militiae
1183 2404 1319 2471 gloria
1328 2411 1478 2473 priuati
1488 2404 1580 2455 sunt
1588 2441 1602 2460 ,
1614 2405 1744 2473 enflue
1754 2408 1806 2455 ad
1818 2423 1977 2454 exteros
1988 2405 2123 2455 delata

477 2472 549 2520 est.
562 2469 773 2538 fiquidem
782 2469 873 2537 lege
884 2487 1053 2519 cautum
1065 2469 1328 2529 crannullum
1340 2476 1560 2538 patricium
1570 2478 1782 2521 Venetum
1796 2471 1978 2540 pluribus
1992 2471 2121 2539 quim
2170 2466 2222 2510 Η

477 2554 514 2586 x
523 2554 557 2586 x
567 2554 599 2585 v
611 2535 813 2585 militibus
825 2538 983 2604 praeess'e
995 2538 1118 2603 poffe.
1132 2536 1219 2585 haec
1230 2554 1369 2585 tamen
1380 2536 1444 2585 lex
1460 2538 1598 2586 nostra
1608 2540 1844 2606 tempestate
1856 2539 1914 2586 ob
1926 2537 2033 2585 bella
2043 2536 2121 2586 fre-

475 2605 620 2669 quetia
628 2604 779 2669 quibus
791 2607 926 2651 vexati
935 2601 1151 2660 fuimus,vi
1161 2603 1440 2651 cosuetudinis
1452 2605 1608 2669 tanqui
1616 2604 1814 2670 abrogata
1826 2601 2012 2654 esttCfim
2020 2608 2118 2652 auti

478 2669 661 2715 terrestre
669 2666 829 2715 bellum
841 2672 1010 2734 ingruit,
1020 2666 1211 2716 nonnulli
1223 2673 1380 2735 patricii
1394 2670 1550 2717 ordinis
1563 2674 1672 2716 ciues
1684 2674 1726 2717 in
1738 2675 1962 2718 exercitum
1974 2670 2122 2718 mittu-

476 2738 635 2801 tur,qui
645 2734 751 2782 dum
761 2732 919 2781 bellum
931 2738 1364 2802 vrget,temporariurn
1376 2735 1656 2801 magistratum
1669 2752 1828 2800 gerunt.
1844 2736 2061 2801 quaestores
2074 2734 2118 2783 hi

476 2801 585 2857 sunt,
597 2803 697 2847 item
711 2798 857 2865 legati,
869 2804 943 2865 qui
955 2804 1200 2865 Imperatori
1209 2805 1408 2848 exercitus
1421 2817 1590 2848 externo
1604 2800 1768 2849 homini
1778 2801 1934 2867 stmper
1944 2802 2114 2850 adstant.

476 2883 531 2913 ne
565 2882 617 2912 ue
627 2869 665 2912 ei
674 2869 901 2931 quicquam
913 2880 983 2912 :tut
993 2864 1126 2913 facere
1137 2882 1208 2913 aut
1218 2866 1435 2914 decernere
1443 2869 1554 2924 licet,
1562 2865 1636 2913 ,nifi
1648 2885 1696 2913 ex
1706 2866 1941 2932 legatorum
1954 2864 2116 2914 cosilio:

478 2883 599 2979 Beffio
611 2930 732 2977 finito
744 2935 906 2996 vtriquc
930 2932 1185 2996 magistratus
1197 2931 1382 2981 domum
1402 2947 1662 2980 reuertuntur
1676 2938 1776 2980 acin
1798 2934 1990 2981 ordinem
2010 2933 2119 2980 redi-

477 3013 633 3062 guntur
642 3033 655 3054 ,
667 3014 743 3043 nec
765 3001 863 3062 quic
899 3014 993 3044 uam
1005 2995 1179 3064 amplius
1199 3002 1296 3045 iuris
1310 2996 1464 3045 habent
1476 3036 1486 3046 .
1500 2994 1668 3064 haecklue
1688 2999 1746 3046 est
1758 2998 1852 3046 belli
1876 2995 2117 3046 terrestrist're

476 3060 635 3110 militiae
655 3067 760 3109 ratio
781 3014 895 3127 apud
903 3068 1089 3110 Venetos
1103 3099 1113 3111 ,.
1131 3061 1254 3110 Bello
1268 3061 1367 3110 vero
1379 3068 1592 3111 maritimo
1602 3083 1650 3112 ac
1672 3064 1806 3113 nauali
1822 3065 1960 3113 nostra
1970 3067 2113 3111 ciuitas

478 3143 623 3177 natura
633 3132 764 3194 magis
775 3129 928 3176 idonea
939 3129 1127 3188 est‚cuius
1139 3129 1281 3178 studiis
1294 3128 1451 3197 semper
1460 3135 1612 3180 Veneti
1622 3131 1810 3180 studuere
1824 3169 1832 3180 .
1848 3147 1946 3179 nam
1962 3130 2056 3180 vrbs
2069 3135 2114 3177 in

2010 3213 2115 3245 man
