2455 3671
415 281 511 369 ‚33
661 265 1099 339 PRIMAE
1165 260 2046 338 PH1LOSOPH1AE

543 381 622 430 bit.
633 381 707 429 Ni
716 378 747 428 fi
762 381 931 429 bonum
942 379 1039 428 effer
1049 382 1366 456 participatione
1388 377 1529 445 quadi
1537 378 1739 428 bonitatis
1749 415 1764 439 ‚
1775 395 1865 428 non
1876 382 1975 430 effer
1984 384 2189 436 omnino.
2236 376 2273 423 E

548 444 873 515 atque-absolute
911 445 1153 494 erfeat’the'
1162 463 1218 493 cu
1232 449 1372 492 omnis
1386 444 1554 493 bonitas
1565 449 1768 512 pertineat
1776 446 1832 495 ad
1840 444 2018 515 aliquod
2030 448 2110 496 effe
2119 484 2133 504 ‚
2143 448 2190 497 id

543 513 664 580 quod
675 513 733 560 est
741 512 832 582 ipst‘i
841 531 864 559 e
897 512 993 570 e,est
1002 515 1085 559 etii
1092 509 1184 578 ipffi
1194 511 1317 558 bom‘i
1329 530 1340 557 ε
1379 515 1439 558 ati
1447 516 1609 559 ratione
1622 529 1708 578 qua
1717 511 1902 580 superius
1912 512 1974 563 vfi
1984 513 2126 563 sumus
2136 514 2192 562 de

541 583 840 628 vno.Proeterea
850 574 951 628 cum
959 575 1190 626 multitudo
1201 580 1262 625 im
1292 527 1529 626 “gationis
1539 574 1737 635 {invnitas
1747 576 1850 627 vero
1861 580 2128 647 perfeetionis
2140 598 2192 629 ae

542 641 1038 712 bonitatis5proculdubio
1047 641 1151 692 illud
1163 660 1252 710 quo
1295 643 1352 690 est
1361 644 1499 710 ipsum
1507 644 1715 701 vnum,est
1725 649 1854 711 etiarn
1863 644 2000 713 ipsum
2008 646 2192 695 bonum

587 711 678 759 uod
691 726 989 776 argumentum
1010 708 1130 756 latius
1141 726 1189 757 ac
1207 706 1456 756 luculentius
1477 711 1702 758 tractatum
1712 711 1772 757 est
1781 706 1970 759 εὶΒοὲεἰο
1982 717 2024 760 in
2036 713 2194 761 eodem

541 775 577 828 li
608 775 641 824 el
647 775 691 824 10
703 777 757 824 de
769 773 1062 844 Philosophica
1071 773 1374 823 consolatione.
1404 775 1474 822 Est
1485 778 1612 822 etiam
1633 779 1819 843 primum
1841 781 2092 846 principium
2102 796 2195 831 ma-

545 841 659 890 xime}
668 840 899 909 intelligens
911 859 959 890 ac
970 838 1150 890 maxime
1161 845 1305 889 vinens
1316 877 1330 896 ‚
1341 838 1523 888 maxime
1556 858 1609 888 ue
1630 858 1778 908 potens
1789 878 1804 901 ,
1813 860 1862 891 ac
1872 860 2094 912 propterea
2104 863 2197 894 ma-

545 907 661 956 xime
667 907 879 957 infinitum
888 944 903 967 ,
911 925 960 956 ac
970 912 1121 956 iterum
1132 904 1314 955 maxime
1324 910 1520 955 omniurn
1590 910 1599 919 ’
1622 908 1794 956 um.Sed
1805 925 2036 977 antequam
2052 911 2108 959 ad
2116 910 2197 959 hu·

542 974 732 1024 iufinodi
751 978 885 1040 magis
906 971 1145 1042 explicanda
1155 977 1381 1022 'veniamus
1391 1009 1405 1032 ,
1421 971 1468 1021 id
1478 971 1601 1020 nobis
1622 974 1892 1040 probandum
1913 976 1994 1033 cst,
2009 981 2195 1044 primum

544 1045 800 1109 principium
820 1044 985 1088 entium
1004 1039 1083 1088 effe
1092 1057 1223 1087 vnum
1246 1055 1411 1087 tantum
1424 1058 1436 1087 ι
1450 1037 1624 1086 minime
1636 1037 1738 1087 verb
1750 1045 1950 1090 omnium
1966 1043 2056 1090 fieti
2065 1043 2196 1111 poffe,
2220 1040 2253 1082 F

542 1123 593 1155 vt
643 1111 749 1154 rima
767 1110 970 1174 principia
993 1109 1152 1153 entium
1163 1103 1244 1153 fiut
1264 1103 1383 1172 plura
1392 1105 1459 1158 ,id
1470 1105 1590 1172 quod
1602 1107 1784 1172 superius
1794 1106 1960 1156 inhunc
1967 1107 2116 1158 locum
2132 1110 2198 1158 di-

543 1124 736 1221 stulimus
750 1191 762 1218 ι
775 1170 832 1219 fic
853 1176 967 1219 enim
979 1169 1159 1238 perfect&
1179 1169 1324 1236 colligi
1335 1176 1488 1238 poterit
1498 1176 1685 1238 primum
1696 1176 1949 1240 principium
1970 1175 2052 1224 effe
2058 1173 2198 1243 ipsum

546 1255 681 1286 vnum
693 1263 705 1295 ς
718 1234 947 1305 caeterique
986 1241 1091 1285 rima
1112 1241 1313 1304 principia
1324 1242 1368 1284 in
1379 1236 1456 1285 suo
1470 1254 1647 1305 quaeque
1657 1255 1806 1304 genere
1818 1274 1832 1296 ‚
1842 1238 1896 1287 de
1916 1241 2072 1308 quibus
2084 1239 2200 1307 Phy-

545 1302 622 1352 fici
643 1302 884 1371 perhibent,
895 1303 949 1351 ab
957 1255 1053 1352 ςιοε
1065 1304 1262 1370 supremo
1284 1307 1480 1350 omnium
1531 1302 1682 1351 endere
1692 1319 1820 1372 atque
1830 1304 1996 1354 effluere
2007 1343 2018 1356 .
2040 1310 2200 1374 Neque

545 1367 717 1418 difficile
737 1367 1003 1437 arduumque
1024 1374 1099 1417 erit
1123 1367 1234 1416 hanc
1250 1386 1340 1416 rem
1362 1373 1462 1416 certi
1510 1374 1590 1417 mis
1612 1369 2008 1440 euidentiffimisque
2024 1377 2197 1422 rationi-

546 1437 626 1484 bus
639 1435 845 1484 adstruere
858 1473 867 1484 .
883 1439 1001 1483 Nam
1014 1433 1044 1482 fi
1055 1432 1171 1502 plura
1182 1434 1276 1483 sunt
1286 1440 1422 1502 prima
1432 1439 1652 1502 principia,
1667 1437 1784 1485 verbi
1793 1443 1923 1503 gratia
1933 1473 1948 1493 ,
1960 1438 2049 1487 duo
2059 1475 2074 1498 ‚
2088 1457 2199 1506 quo-

546 1521 645 1550 rum
665 1518 863 1550 neutrum
881 1502 935 1549 ab
957 1499 1087 1548 altero
1110 1500 1522 1568 pendeat‚uimirum
1541 1518 1774 1570 Vtrumque
1792 1507 1869 1551 erit
1879 1505 2016 1570 ipsum
2038 1507 2140 1563 effe,
2152 1515 2198 1552 &

546 1569 705 1616 neceffe
717 1568 793 1616 effe
809 1606 819 1616 .
833 1566 921 1614 hoc
932 1572 1044 1614 euim
1067 1572 1292 1615 conuenire
1312 1566 1513 1634 praecipuc
1523 1572 1720 1616 omniurn
1738 1573 1877 1635 primo
1895 1574 2100 1637 principio
2112 1576 2200 1622 iam

547 1634 592 1681 su
617 1638 733 1693 erius
747 1634 959 1682 ostensum
971 1634 1029 1680 est
1039 1667 1049 1679 .
1064 1630 1202 1691 Qod
1214 1631 1245 1680 fi
1258 1638 1448 1700 peruicax
1459 1634 1664 1700 quispiam
1675 1634 1824 1682 dixerit
1833 1670 1847 1692 ,
1858 1653 2010 1685 eorum
2020 1635 2199 1684 alterum

547 1653 627 1748 ente
637 1698 773 1767 ipsum
785 1700 863 1747 csse
876 1736 889 1758 ,
902 1701 969 1747 seu
993 1698 1149 1747 neceffe
1160 1717 1210 1745 cx
1226 1698 1269 1746 se
1288 1701 1365 1748 effe
1375 1723 1386 1756 ;
1398 1697 1574 1747 alterum
1592 1696 1693 1749 vero
1710 1701 1906 1759 minim&
1916 1700 1986 1749 seu
2002 1718 2199 1750 neutrum

549 1767 629 1814 effe
650 1766 785 1832 ipsum
809 1763 1143 1821 ess‘e‚fateaturis
1168 1782 1346 1831 quoque
1366 1782 1472 1832 opus
1485 1766 1728 1822 est,eotum
1748 1765 1928 1815 alterum
1942 1783 2108 1816 tantum
2120 1770 2198 1816 effe
2219 1766 2261 1810 G

549 1840 739 1900 primum
749 1836 1001 1899 principium
1011 1867 1023 1889 ,
1034 1828 1137 1878 illud
1149 1834 1326 1896 inquam
1338 1867 1350 1885 ‚
1364 1830 1484 1897 quod
1502 1831 1560 1878 cst
1570 1830 1707 1898 ipsum
1718 1832 1796 1879 effe
1808 1853 1820 1878 ι
1832 1831 2008 1881 alterum
2018 1832 2144 1893 vero,
2156 1840 2200 1883 in

549 1916 641 1965 quo
653 1899 732 1945 effe
742 1898 847 1945 inest
861 1932 862 1941 ¹
888 1901 1175 1964 articipatione
1187 1896 1398 1962 quadam,
1406 1897 1590 1963 pendete
1608 1894 1632 1944 εὶ
1642 1902 1782 1964 primo
1804 1903 2008 1966 principio
2022 1936 2036 1956 ‚,
2044 1918 2201 1966 nequa-

549 1981 682 2030 quam
697 1961 795 2011 vcro
807 1916 887 2010 esslg
896 1968 1087 2030 primurn
1107 1967 1360 2029 principium
1372 1995 1382 2007 .
1408 1959 1546 2022 Qod
1568 1961 1600 2009 fi
1612 1979 1806 2011 neutrum
1818 1963 1942 2012 fuerit
1957 1965 2094 2032 ipsum
2106 1969 2200 2025 effe,

547 2027 771 2076 confestim
791 2029 977 2096 sequitur
997 2044 1193 2076 neutrum
1215 2033 1340 2076 etiarn
1362 2027 1442 2074 effe
1465 2031 1648 2094 primum
1662 2034 1822 2077 entium
1844 2034 2094 2098 principium
2104 2057 2116 2089 ς
2128 2032 2201 2080 sed

551 2112 703 2142 eorum
715 2110 943 2161 vtrumque
965 2094 1196 2160 dependere
1214 2092 1241 2140 :l
1252 2098 1374 2141 tertio
1397 2093 1590 2160 quodam
1614 2095 1794 2161 Vtrisque
1806 2100 1956 2161 priori.
1970 2098 2122 2163 quibus
2136 2116 2200 2145 ar-

581 2165 761 2208 umentis
783 2165 955 2208 coactus
977 2159 1011 2207 fi
1033 2157 1274 2208 concefferit
1292 2176 1446 2207 eorum
1466 2175 1692 2226 vtrumquc
1711 2160 1790 2208 effe
1808 2161 1946 2227 ipsum
1968 2162 2069 2220 effe,
2084 2171 2128 2210 δε
2148 2181 2201 2210 ex

549 2179 591 2274 ξε
603 2228 761 2274 necesse
770 2227 850 2274 effe
858 2263 872 2284 ,
884 2230 1031 2292 vtique
1043 2223 1141 2273 cum
1151 2224 1346 2274 differant
1356 2230 1462 2273 inter
1480 2224 1521 2273 se
1530 2262 1544 2282 ,
1556 2226 1646 2273 duo
1656 2242 1843 2293 namque
1854 2226 1946 2275 sunt
1954 2262 1968 2286 ,
1980 2226 2200 2294 proculdu-

551 2293 627 2340 bio
651 2297 857 2359 quopiam
867 2290 953 2339 alio
975 2290 1190 2349 different,
1205 2290 1336 2357 quim
1347 2291 1436 2357 ipso
1448 2292 1526 2337 effe
1534 2328 1548 2350 ,
1564 2292 1685 2359 quod
1696 2311 1746 2339 ex
1758 2310 1882 2359 aequo
1902 2294 2200 2360 vtrisquecon-

551 2362 693 2405 uenire
715 2358 955 2406 concessum
976 2358 1033 2404 est
1045 2389 1055 2403 .
1067 2375 1155 2404 non
1177 2361 1292 2404 enim
1312 2354 1430 2424 plura
1450 2357 1528 2404 effe
1546 2374 1595 2404 ac
1616 2358 1814 2424 distingui
1824 2377 1876 2405 eo
1917 2374 2088 2407 oterunt
2108 2378 2198 2428 quo

553 2426 813 2471 c'onueniunt
825 2459 835 2470 .
861 2427 919 2470 Ea
941 2427 1107 2489 itaque,
1163 2423 1284 2469 uibus
1306 2421 1480 2470 viciffim
1492 2423 1802 2490 distinguuntur
1818 2461 1832 2483 ,
1844 2376 1915 2473 νος
1928 2430 2198 2492 proprietates

587 2489 747 2537 uaedam
767 2507 837 2536 eru
843 2504 889 2536 nt
897 2525 911 2546 ‚
925 2504 1017 2555 quae
1027 2490 1081 2536 ab
1091 2441 1181 2554 ιῬῖἱ)
1191 2488 1270 2536 effe
1280 2488 1454 2536 effluunt
1464 2525 1478 2546 ‚
1486 2488 1550 2537 vel
1562 2490 1614 2536 ab
1624 2491 1852 2538 extrinseco
1862 2489 2006 2556 aliquo
2016 2490 2199 2540 infliaae:
2229 2470 2283 2517 H

573 2574 587 2602 1
599 2555 737 2602 fluunt
749 2556 801 2602 ab
815 2556 893 2602 effe
903 2555 993 2622 ipso
1005 2589 1017 2610 ,
1031 2572 1129 2601 cum
1143 2559 1394 2602 conueniant
1404 2553 1490 2602 haec
1502 2559 1636 2622 prima
1652 2560 1852 2622 principia
1868 2562 1910 2604 in
1922 2573 2066 2606 natura
2074 2557 2199 2626 ipsius

555 2622 635 2668 esse
645 2655 659 2672 ,
671 2621 759 2668 fieri
777 2639 865 2667 non
875 2622 1011 2700 potest
1023 2636 1067 2668 vt
1078 2617 1304 2668 differanti
1314 2617 1630 2686 proprietatibus
1642 2639 1736 2686 quae
1746 2622 1798 2668 ab
1810 2623 1955 2670 eadem
1966 2638 2110 2671 natura
2122 2622 2200 2672 flu·-

555 2692 687 2734 xerint
699 2706 709 2732 ε
723 2685 780 2734 fin
801 2705 901 2734 vero
953 2705 997 2734 cr
1007 2686 1195 2734 accidens
1205 2687 1259 2734 ab
1272 2685 1496 2734 extrinseco
1514 2686 1682 2735 infliaae
1702 2685 1878 2744 fuerint,
1890 2690 2046 2736 necesse
2058 2690 2116 2738 est
2126 2708 2200 2738 eo-

555 2770 651 2800 rum
665 2768 889 2818 vtrumquc
903 2704 949 2798 [ξ
945 2757 1171 2800 extiturum
1183 2751 1254 2810 fit,
1266 2753 1450 2818 indigere
1462 2758 1584 2800 tertio
1594 2789 1608 2810 ‚
1618 2771 1666 2801 ac
1678 2751 1702 2800 ἓι
1712 2759 1834 2801 tertio
1846 2754 2036 2820 quodam
2046 2754 2199 2822 depen-

555 2819 665 2865 dere.
673 2814 810 2883 ficc‘Jue
822 2836 882 2864 res
899 2822 939 2864 in
951 2817 1113 2865 easdem
1125 2818 1330 2883 angustias
1354 2819 1504 2866 redibit
1516 2855 1526 2866 .
1548 2822 1666 2867 Nam
1684 2835 1878 2867 neutrum
1890 2824 2076 2886 primurn
2088 2826 2200 2888 priri—

557 2889 717 2951 cipium
729 2889 804 2930 erit
822 2919 835 2940 ‚
848 2881 947 2930 cum
959 2882 983 2930 a
993 2887 1121 2950 priori
1131 2882 1542 2950 pendeant-Amplius
1556 2890 1600 2932 in
1612 2903 1762 2933 eorum
1784 2902 1962 2953 vtroquc
1972 2886 2068 2934 effer
2078 2906 2200 2934 com-

555 2948 713 3017 pulitio
727 2957 771 2996 &
784 2965 995 3016 potentia,
1009 2948 1037 2996 fi
1061 2954 1330 3016 proprietates
1352 2949 1440 2997 aliae
1460 2951 1514 2997 ab
1524 2951 1736 3017 Vtriusque
1755 2967 1900 2999 natura
1920 2952 2088 3000 ineffint
2098 2957 2198 3001 vtti-

559 3035 643 3083 que
655 3035 665 3062 2
679 3019 819 3080 itaque
831 3020 963 3081 prima
973 3016 1051 3063 effe
1068 3034 1157 3062 nou
1169 3015 1330 3082 poffent
1342 3035 1352 3061 z
1366 3020 1452 3062 Iam
1476 3021 1590 3064 enim
1610 3015 1966 3084 compositionem
1984 3034 2108 3084 atque
2120 3037 2197 3086 po-

559 3086 733 3129 tentiam
745 3079 861 3128 exclu
869 3079 991 3128 fimus
1003 3079 1029 3128 a
1037 3098 1183 3129 natura
1223 3080 1600 3147 rimi.Colligamus
1614 3087 1740 3148 igitur
1749 3082 1972 3131 certiffimo
1982 3102 2198 3150 argumen-

560 3165 632 3206 to,
645 3143 743 3195 cum
753 3146 889 3211 ipsum
901 3149 981 3195 effe
1002 3165 1075 3215 per
1095 3099 1338 3196 illudpidern
1359 3145 1408 3195 fit
1436 3148 1702 3198 indiuiduum
1715 3158 1783 3206 ,&
1806 3149 1890 3198 hoc
1908 3168 1981 3217 per
1998 3150 2118 3218 quod
2138 3152 2198 3198 est

2116 3217 2195 3264 effe
