2455 3671
405 283 474 371 38
855 264 1016 342 DE
1078 262 1808 340 ELEMENTIS

525 378 645 439 cause²
655 378 749 426 sunt
759 375 927 425 montisi
937 372 1260 441 effectricemqui
1270 371 1470 441 paulatim
1479 376 1730 423 minuuntur
1739 378 1784 424 vi
1791 371 1996 424 imbrium
2010 382 2054 425 δε
2063 378 2179 426 νέω·
2207 400 2242 445 13

523 442 809 504 rumwiciffim
816 440 831 458 '
843 461 895 491 ue
904 440 1165 511 appofitione
1174 445 1368 499 materiae,
1380 458 1464 509 que
1471 455 1568 509 apta
1578 441 1690 490 estin
1701 440 1798 490 saxa
1808 446 2014 502 conuerti,
2024 461 2076 491 au
2132 463 2181 492 n-

526 528 655 562 turzvt
667 517 709 561 in
720 510 760 559 la
787 461 950 558 idicinis
962 506 1201 576 copluribus
1215 509 1275 556 est
1286 506 1670 556 obseruatum.nam
1683 518 1728 558 &
1739 507 1980 558 insontibus
1990 508 2082 558 lacn
2115 509 2181 559 fis-

528 599 613 648 que
625 595 770 628 nonnu
789 575 836 625 lis
847 614 861 635 ,
877 579 975 623 &in
992 579 1115 623 certis
1137 590 1253 622 terrae
1264 574 1368 623 locis
1380 579 1666 642 comperimus
1681 574 1791 624 hanc
1800 580 1889 626 vim
1900 577 1979 624 effe
1990 576 2042 624 ad
2054 595 2181 644 gene-

527 647 681 696 randos
700 644 857 712 lapides
870 679 881 690 .
895 645 1115 690 Hastenus
1127 641 1180 688 de
1191 641 1410 688 montibus
1424 679 1434 690 .
1450 637 1616 690 Verum
1626 641 1747 690 ficuti
1755 647 1801 691 vi
1814 641 1962 691 caloris
1983 659 2088 691 terra
2099 643 2182 691 fer-

529 705 1007 776 mentatur-,montesque
1021 716 1064 755 &
1077 705 1216 755 insulae
1225 712 1418 755 oriuntur
1428 706 1610 776 impulsu
1622 707 1808 757 eiusdem
1818 708 2074 776 impetuszfic
2084 728 2183 758 con-

529 778 591 828 tra
601 778 809 846 aliquibus
823 781 867 824 in
879 773 983 823 loeis
997 790 1103 822 terra
1126 774 1322 822 conculsa
1333 773 1604 841 disrumpitur
1614 811 1627 833 ,
1640 792 1689 823 ac
1699 791 1866 843 repente
1880 781 2108 843 prouinciae
2118 781 2181 824 in-

529 847 695 903 terdum
709 861 797 892 non
809 839 1113 908 exiguae,vrb6s
1135 858 1187 888 ue
1199 857 1301 888 cum
1312 837 1477 908 populis
1489 840 1878 906 demerguntur.De
1890 841 2116 891 Athalanta
2124 847 2182 890 in-

529 910 573 959 su
581 911 619 959 la
627 911 747 959 vastae
759 908 1057 975 magnitudinis
1071 859 1191 954 recsert
1203 905 1324 954 Plato
1334 912 1377 954 in
1390 904 1654 973 Critia3qubd
1665 909 1860 956 concuffa
1868 914 2056 956 maximo
2068 925 2182 957 tetrae

528 992 655 1026 motu
665 977 818 1024 obruta
829 975 909 1032 est,
921 991 970 1021 ac
989 972 1129 1021 forsan
1141 978 1248 1020 mati
1270 971 1515 1021 Athlantico
1538 991 1698 1021 nomen
1708 972 1993 1023 deditJnsulas
2006 993 2184 1042 quoque

529 1042 753 1092 nonnullas
765 1038 903 1090 subito
919 1038 1060 1087 emari
1070 1056 1183 1087 natas
1195 1039 1389 1106 prodiiffe
1402 1044 1620 1088 memoriae
1640 1041 1858 1108 proditum
1870 1042 1938 1099 est3
1950 1039 2183 1109 contraque
2209 1057 2238 1100 F

531 1106 711 1159 vicissim
721 1107 815 1156 alias
828 1104 1204 1173 submetfis.quam
1214 1105 1276 1153 ob
1288 1104 1454 1154 causam
1463 1104 1567 1154 nihil
1578 1123 1825 1174 perpetuum
1836 1112 1878 1154 in
1891 1123 1996 1156 terra
2004 1106 2183 1176 perseue-

533 1176 678 1234 rat3sed
691 1179 835 1223 omnia
846 1188 1177 1221 commutantur:
1192 1188 1240 1219 vt
1250 1177 1448 1220 omittam
1460 1170 1745 1232 diluuia‚confl
1752 1172 2068 1242 agratione'isque
2086 1192 2184 1242 pro-

531 1246 770 1291 uinciarum
780 1277 794 1300 ,
806 1243 873 1288 seu
886 1244 928 1288 vi
937 1238 1141 1287 imbrium
1153 1236 1310 1305 ignisve
1322 1257 1371 1285 ex
1382 1244 1466 1286 oris
1477 1238 1658 1306 supernis
1670 1237 1833 1288 demiffi
1842 1277 1856 1298 ‚
1868 1240 1928 1287 ob
1940 1241 2185 1308 quempiam

532 1306 767 1356 tumultum
784 1315 827 1355 &
839 1310 928 1355 vim
938 1310 981 1353 in
991 1310 1048 1353 eis
1059 1305 1300 1372 regionibus
1313 1311 1456 1371 ignem
1468 1306 1668 1354 deorsum
1680 1310 1740 1354 im
1772 1304 1938 1354 ellentes
1950 1331 1962 1364 3
1974 1307 2042 1354 stu
2054 1313 2183 1356 etiam

531 1393 631 1440 igne
639 1373 662 1421 ὲ
671 1391 777 1422 tetra
786 1372 1107 1441 prodeunte,aut
1118 1389 1324 1438 aquarum
1338 1375 1460 1437 copia
1472 1376 1631 1438 impetu
1644 1324 1837 1440 quoniam
1849 1371 1872 1419 ὲ
1882 1379 1986 1420 mari
1995 1371 2130 1421 delata
2140 1378 2185 1420 in

533 1439 791 1494 terram,fiue
803 1438 1051 1486 fluminibus
1065 1438 1340 1487 crescentibus
1358 1438 1580 1486 obstruCtis
1593 1456 1743 1486 eorum
1754 1439 1868 1486 ostiis
1880 1475 1893 1497 ,
1906 1456 1978 1486 aut
1988 1455 2095 1486 terra
2106 1440 2187 1486 dis-

537 1522 660 1575 rupta
672 1522 829 1574 aquam
841 1508 1198 1552 erudiantefiicuti
1209 1502 1287 1551 hac
1299 1504 1539 1570 tempestate
1550 1505 1662 1572 apud
1675 1503 1914 1554 Valentiam
1925 1506 2114 1555 accidiffe
2124 1523 2188 1552 ac-

535 1578 725 1641 cepimus
737 1609 750 1630 ‚
769 1571 875 1618 dum
885 1570 1059 1620 effemus
1075 1574 1118 1617 in
1130 1568 1330 1636 Hispania
1342 1607 1352 1617 .
1374 1573 1495 1617 Nam
1516 1569 1746 1637 improuifir
1765 1570 1945 1634 quadam
1961 1580 2004 1619 &
2017 1570 2187 1620 occulta

533 1644 577 1687 vi
590 1637 703 1686 coelo
719 1639 862 1685 screno
873 1635 1095 1684 confestim
1105 1634 1230 1683 nullis
1242 1635 1508 1684 sentientibus
1522 1641 1706 1684 maxima
1714 1654 1918 1704 aquarum
1932 1642 2054 1705 copia
2064 1675 2076 1694 ,
2094 1655 2187 1702 quae

533 1711 721 1771 ingentes
735 1703 891 1751 fluuios
903 1703 1109 1769 superaret
1117 1738 1131 1760 ,
1143 1701 1165 1748 ὲ
1175 1705 1408 1750 continenti
1420 1701 1556 1750 delata
1566 1720 1661 1750 eam
1672 1703 1818 1752 vrbem
1830 1706 1982 1752 versus:
1994 1702 2070 1751 nisi
2082 1703 2189 1752 clau-

534 1769 585 1818 fis
599 1775 727 1838 portis
741 1768 991 1818 &obicibus
1003 1767 1207 1835 oppofitis
1228 1773 1308 1816 iter
1318 1772 1360 1815 in
1372 1785 1488 1816 mare
1500 1769 1934 1836 diuertissegmagnam
1944 1774 2104 1818 ciuitati
2120 1788 2188 1817 ca-
2212 1792 2253 1834 G

535 1836 773 1885 lamitatem
783 1833 980 1882 intulisset
991 1872 1003 1882 .
1016 1830 1260 1900 Nullusque
1268 1851 1456 1900 vnquam
1468 1834 1824 1902 comprehendere
1834 1835 1966 1884 valuit
1975 1837 2187 1884 vndenam

535 1919 625 1950 tarn
643 1920 793 1968 magna
805 1918 1011 1968 aquarum
1021 1904 1083 1947 vis
1097 1905 1298 1967 eruperit.
1310 1903 1409 1947 Nos
1422 1901 1632 1948 credimus
1643 1937 1656 1960 ,
1678 1900 1832 1968 aliique
1852 1901 2024 1968 plurimi
2048 1920 2188 1950 rerum

539 1986 695 2016 naturae
717 1971 860 2034 periti,
875 1983 971 2014 eam
992 1983 1195 2032 aquarum
1215 1970 1306 2013 vim
1320 1969 1492 2032 erupisse
1510 1964 1534 2014 ὲ
1554 1971 1758 2035 quopiam
1780 1968 1901 2034 specu
1922 1967 2186 2016 subterraneo

535 2051 643 2082 ¹terra
657 2033 889 2082 dehiscente
899 2069 915 2090 ‚
927 2050 975 2080 ac
987 2031 1211 2079 confestim
1223 2032 1318 2098 post
1328 2050 1422 2079 eam
1436 2037 1524 2080 vim
1536 2070 1550 2090 ‚
1564 2051 1650 2099 qua
1662 2043 1705 2081 &
1717 2051 1820 2081 terra
1834 2033 1997 2082 hiatum
2008 2034 2106 2081 fecit
2116 2071 2130 2092 ‚
2142 2044 2188 2081 δε

535 2119 647 2167 aqua
667 2106 801 2167 erupit
811 2136 825 2158 ‚
836 2105 989 2147 iterum
1011 2099 1195 2146 restituta
1212 2105 1257 2144 in
1270 2099 1446 2145 eandem
1458 2098 1637 2164 speciem
1648 2137 1658 2147 .
1675 2103 1780 2146 Haec
1792 2099 1844 2147 de
1854 2105 2008 2147 terrain
2020 2106 2189 2147 vniuer-

536 2166 631 2214 sum
652 2166 731 2213 sint
752 2166 863 2213 duaa
877 2202 887 2213 .
901 2170 971 2213 De
990 2162 1207 2211 habitabili
1227 2182 1340 2211 nunc
1353 2165 1484 2231 pauca
1504 2164 1698 2230 quaedam
1720 2165 1948 2222 addemus,
1963 2171 2190 2233 quaeperti-

535 2249 637 2281 nent
656 2233 709 2280 ad
721 2230 889 2280 climata
899 2229 1149 2278 habitationi
1171 2230 1408 2278 commoda
1418 2228 1750 2279 incommodi-we
1764 2267 1776 2279 .
1829 2231 2072 2280 Aristoteles
2084 2237 2190 2279 anti-

537 2298 791 2366 quiorksque
811 2296 1005 2345 authores
1019 2314 1167 2344 omnes
1179 2296 1370 2344 censuere
1380 2333 1392 2354 ,
1408 2311 1544 2343 totam
1556 2314 1652 2344 eam
1672 2313 1788 2344 terrae
1798 2316 1954 2346 zonam
1964 2335 1978 2356 ‚
1991 2317 2084 2365 quae
2096 2297 2189 2344 sub-

537 2369 647 2412 iecra
661 2365 721 2412 est
743 2361 853 2431 polo
863 2400 875 2422 ‚
891 2360 1015 2430 eique
1033 2367 1292 2430 propinquat
1304 2397 1318 2416 ,
1340 2361 1656 2410 inhabitabilem
1678 2366 1756 2410 effe
1778 2364 1838 2410 ob
1862 2368 2042 2412 nimium
2060 2362 2187 2429 frigus

539 2427 723 2497 geluque
755 2435 1007 2476 continuum
1021 2448 1031 2474 z
1057 2435 1266 2494 quoniam
1288 2426 1471 2476 maxime
1494 2434 1692 2477 omnium
1714 2428 1738 2476 a
1756 2428 1844 2477 sole
1878 2430 2000 2477 distat
2018 2467 2032 2488 ,
2048 2428 2190 2478 radiis-

539 2515 623 2564 que
647 2495 753 2544 au'eo
777 2494 965 2561 obliquis
991 2493 1051 2542 sol
1079 2512 1174 2542 eam
1195 2500 1362 2560 attingit
1374 2531 1386 2551 ,
1400 2510 1444 2542 vt
1456 2493 1558 2542 nihil
1578 2493 1662 2541 fere
1684 2499 1838 2543 virium
1856 2494 2036 2543 habeant
2055 2496 2108 2542 ad
2118 2514 2190 2562 ge·
2218 2513 2266 2557 H

537 2558 771 2610 nefandum
791 2557 1083 2608 faciendumve
1105 2560 1288 2608 calorem
1302 2598 1312 2608 .
1350 2557 1512 2608 Contra
1534 2561 1718 2608 arbitrati
1740 2560 1834 2609 sunt
1852 2562 2084 2610 vniuersarn
2096 2580 2191 2609 eam

539 2645 653 2676 terrae
675 2645 833 2675 zonam
851 2663 865 2684 ‚
889 2643 983 2692 quae
1003 2626 1187 2674 ,subiacet
1209 2624 1494 2693 aequinoffiali
1518 2625 1678 2674 circulo
1702 2637 1746 2674 δε
1778 2624 1802 2674 ὲ
1822 2632 1992 2694 tropicis
2014 2626 2193 2676 includi-

539 2711 629 2751 tur,
644 2693 847 2741 torridam
871 2694 949 2739 effe
959 2729 971 2750 ,
989 2701 1031 2739 δε
1053 2693 1113 2739 ob
1137 2697 1294 2740 nimios
1317 2694 1432 2740 aestus
1454 2690 1794 2741 inhabitabilem:
1812 2697 2018 2760 quoniam
2040 2692 2104 2740 sol
2128 2694 2192 2740 di-

539 2765 661 2807 rectis
685 2775 757 2806 aut
769 2776 917 2826 parum
935 2757 1121 2825 obliquis
1143 2759 1266 2806 radiis
1294 2756 1526 2807 vniuersam
1550 2777 1642 2807 earn
1672 2775 1834 2827 partem
1854 2757 2026 2806 illustrat
2040 2795 2050 2806 .
2080 2763 2192 2808 Inter

539 2826 613 2874 has
637 2826 821 2873 mediam
843 2840 929 2872 tem
961 2825 1091 2882 erati,
1107 2833 1150 2871 &
1163 2824 1414 2874 habitationi
1436 2826 1638 2872 idoneam
1650 2826 2190 2892 posuerezonam‚nostram

540 2898 715 2959 inquam
747 2890 933 2938 habitabi
951 2906 1021 2938 em,
1035 2927 1045 2938 .
1060 2895 1234 2939 Rationi
1256 2890 1334 2938 hac
1346 2897 1390 2938 in
1410 2909 1452 2938 re
1464 2889 1598 2938 sensus
1618 2892 1796 2939 attestari
1816 2891 2054 2939 videbatur.
2068 2895 2190 2939 Nam

541 2956 571 3005 fi
585 2963 661 3005 iter
683 2958 825 3004 feceris
851 2962 901 3004 Se
933 2961 1189 3005 tentrionem
1210 2957 1344 3005 versus
1356 2995 1368 3015 ‚
1384 2960 1544 3024 semper
1552 2957 1686 3005 adibis
1700 2961 1886 3024 regiones
1898 2975 1966 3004 rna
2000 2962 2092 3004 isac
2102 2958 2191 3004 sub-

539 3025 639 3072 inde
649 3028 785 3089 magis
795 2974 1117 3090 frigirfasfluito
1131 3028 1264 3090 magis
1278 3024 1330 3070 acl
1352 3024 1673 3091 scptentrionem
1684 3023 1888 3072 accesseris
1902 3059 1910 3068 .
1932 2976 2040 3071 atsto
2051 3038 2098 3072 vt
2108 3042 2190 3091 po·-

541 3091 699 3138 stremae
723 3087 791 3137 illa
813 3090 1053 3156 tempestate
1075 3094 1254 3158 cognitae
1270 3095 1439 3156 triginta
1462 3099 1506 3138 &
1529 3091 1684 3157 septem
1706 3090 1902 3156 gradibus
1940 3091 2134 3137 distantes
2166 3087 2191 3136 εὶ

540 3154 645 3223 polo
657 3161 727 3204 vix
737 3154 914 3204 habitari
923 3155 1258 3222 conspicerentur
1268 3156 1328 3204 ob
1338 3155 1504 3223 frigoris
1515 3160 1886 3225 intemperiemSic
1896 3155 2058 3216 cotrssfi
2070 3160 2192 3224 aeqni-

1960 3222 2190 3272 nodkhlem
