<?xml version="1.0" encoding="UTF-8"?>
<!DOCTYPE html PUBLIC "-//W3C//DTD XHTML 1.0 Transitional//EN"
    "http://www.w3.org/TR/xhtml1/DTD/xhtml1-transitional.dtd">
<html xmlns="http://www.w3.org/1999/xhtml" xml:lang="en" lang="en">
 <head>
  <title>
</title>
<meta http-equiv="Content-Type" content="text/html;charset=utf-8" />
  <meta name='ocr-system' content='tesseract 3.04.00' />
  <meta name='ocr-capabilities' content='ocr_page ocr_carea ocr_par ocr_line ocrx_word'/>
</head>
<body>
  <div class='ocr_page' id='page_1' title='image "./opera00contgoog/opera00contgoog_0184.png"; bbox 0 0 2455 3671; ppageno 0'>
   <div class='ocr_carea' id='block_1_1' title="bbox 635 262 2035 372">
    <p class='ocr_par' dir='ltr' id='par_1_1' title="bbox 635 262 2035 372">
     <span class='ocr_line' id='line_1_1' title="bbox 635 262 2035 372; baseline 0.006 -38"><span class='ocrx_word' id='word_1_1' title='bbox 635 262 976 335; x_wconf 80' lang='lat' dir='ltr'>LIBER</span> <span class='ocrx_word' id='word_1_2' title='bbox 1045 263 1626 350; x_wconf 79' lang='lat' dir='ltr'><strong>QVARTVS·</strong></span> <span class='ocrx_word' id='word_1_3' title='bbox 1924 304 2035 372; x_wconf 74' lang='lat'><strong>139</strong></span> 
     </span>
    </p>
   </div>
   <div class='ocr_carea' id='block_1_2' title="bbox 178 367 1908 3227">
    <p class='ocr_par' dir='ltr' id='par_1_2' title="bbox 193 367 1908 897">
     <span class='ocr_line' id='line_1_2' title="bbox 193 367 1908 442; baseline 0.001 -25"><span class='ocrx_word' id='word_1_4' title='bbox 193 393 238 442; x_wconf 63' lang='lat' dir='ltr'>A</span> <span class='ocrx_word' id='word_1_5' title='bbox 268 367 370 427; x_wconf 66' lang='lat' dir='ltr'><strong>elie,</strong></span> <span class='ocrx_word' id='word_1_6' title='bbox 381 368 470 417; x_wconf 83' lang='lat' dir='ltr'><strong>fieri</strong></span> <span class='ocrx_word' id='word_1_7' title='bbox 480 367 655 417; x_wconf 68' lang='lat' dir='ltr'><strong>minime</strong></span> <span class='ocrx_word' id='word_1_8' title='bbox 675 369 811 436; x_wconf 71' lang='lat' dir='ltr'><strong>poste,</strong></span> <span class='ocrx_word' id='word_1_9' title='bbox 823 371 1013 436; x_wconf 86' lang='lat' dir='ltr'><strong>vtipsum</strong></span> <span class='ocrx_word' id='word_1_10' title='bbox 1034 369 1113 419; x_wconf 84' lang='lat' dir='ltr'><strong>effe</strong></span> <span class='ocrx_word' id='word_1_11' title='bbox 1131 374 1175 419; x_wconf 87' lang='lat' dir='ltr'><strong>in</strong></span> <span class='ocrx_word' id='word_1_12' title='bbox 1197 368 1407 438; x_wconf 88' lang='lat' dir='ltr'><strong>pluravna</strong></span> <span class='ocrx_word' id='word_1_13' title='bbox 1425 369 1693 430; x_wconf 70' lang='lat' dir='ltr'><strong>diſtrahatur,</strong></span> <span class='ocrx_word' id='word_1_14' title='bbox 1704 368 1908 438; x_wconf 60' lang='lat' dir='ltr'><strong>pluribus:</strong></span> 
     </span>
     <span class='ocr_line' id='line_1_3' title="bbox 271 433 1908 503; baseline 0.002 -21"><span class='ocrx_word' id='word_1_15' title='bbox 271 452 358 503; x_wconf 87' lang='lat' dir='ltr'><strong>que</strong></span> <span class='ocrx_word' id='word_1_16' title='bbox 369 452 456 483; x_wconf 86' lang='lat' dir='ltr'><strong>vno</strong></span> <span class='ocrx_word' id='word_1_17' title='bbox 467 439 693 483; x_wconf 85' lang='lat' dir='ltr'><strong>conueniat</strong></span> <span class='ocrx_word' id='word_1_18' title='bbox 707 471 717 483; x_wconf 92' lang='lat'><em>.</em></span> <span class='ocrx_word' id='word_1_19' title='bbox 731 439 925 483; x_wconf 85' lang='lat' dir='ltr'><strong>Praeterea</strong></span> <span class='ocrx_word' id='word_1_20' title='bbox 932 433 1051 484; x_wconf 83' lang='lat' dir='ltr'><strong>sicuti</strong></span> <span class='ocrx_word' id='word_1_21' title='bbox 1062 440 1199 503; x_wconf 87' lang='lat' dir='ltr'><strong>inquit</strong></span> <span class='ocrx_word' id='word_1_22' title='bbox 1210 435 1454 485; x_wconf 83' lang='lat' dir='ltr'><strong>Aristoteles</strong></span> <span class='ocrx_word' id='word_1_23' title='bbox 1473 455 1525 486; x_wconf 82' lang='lat' dir='ltr'><strong>ex</strong></span> <span class='ocrx_word' id='word_1_24' title='bbox 1534 437 1730 486; x_wconf 84' lang='lat' dir='ltr'><strong>sententia</strong></span> <span class='ocrx_word' id='word_1_25' title='bbox 1738 440 1786 484; x_wconf 87' lang='grc' dir='ltr'><strong><em>Η</em></strong></span> <span class='ocrx_word' id='word_1_26' title='bbox 1787 455 1908 486; x_wconf 87' lang='lat' dir='ltr'><strong>ome-</strong></span> 
     </span>
     <span class='ocr_line' id='line_1_4' title="bbox 267 498 1908 570; baseline 0.002 -22"><span class='ocrx_word' id='word_1_27' title='bbox 267 506 326 559; x_wconf 84' lang='lat' dir='ltr'><strong>ri,</strong></span> <span class='ocrx_word' id='word_1_28' title='bbox 337 505 414 568; x_wconf 86' lang='lat' dir='ltr'><strong>qui</strong></span> <span class='ocrx_word' id='word_1_29' title='bbox 435 498 699 568; x_wconf 83' lang='lat' dir='ltr'><strong>peritiffimus</strong></span> <span class='ocrx_word' id='word_1_30' title='bbox 711 506 905 549; x_wconf 86' lang='lat' dir='ltr'><strong>omnium</strong></span> <span class='ocrx_word' id='word_1_31' title='bbox 917 501 971 549; x_wconf 91' lang='lat' dir='ltr'><strong>ab</strong></span> <span class='ocrx_word' id='word_1_32' title='bbox 984 505 1229 568; x_wconf 80' lang='lat' dir='ltr'>antiquitate</span> <span class='ocrx_word' id='word_1_33' title='bbox 1248 500 1414 551; x_wconf 83' lang='lat' dir='ltr'><strong>habitus</strong></span> <span class='ocrx_word' id='word_1_34' title='bbox 1426 504 1498 560; x_wconf 86' lang='lat' dir='ltr'><strong>est,</strong></span> <span class='ocrx_word' id='word_1_35' title='bbox 1510 501 1742 551; x_wconf 80' lang='lat' dir='ltr'><strong>multitudo</strong></span> <span class='ocrx_word' id='word_1_36' title='bbox 1754 507 1908 570; x_wconf 87' lang='lat' dir='ltr'><strong>princi·</strong></span> 
     </span>
     <span class='ocr_line' id='line_1_5' title="bbox 265 563 1906 635; baseline 0.002 -21"><span class='ocrx_word' id='word_1_37' title='bbox 265 570 391 634; x_wconf 87' lang='lat' dir='ltr'><strong>pium</strong></span> <span class='ocrx_word' id='word_1_38' title='bbox 403 563 513 615; x_wconf 87' lang='lat' dir='ltr'><strong>mala</strong></span> <span class='ocrx_word' id='word_1_39' title='bbox 525 586 535 613; x_wconf 93' lang='lat'><strong>:</strong></span> <span class='ocrx_word' id='word_1_40' title='bbox 547 565 671 615; x_wconf 87' lang='lat' dir='ltr'><strong>multi</strong></span> <span class='ocrx_word' id='word_1_41' title='bbox 683 584 869 634; x_wconf 88' lang='lat' dir='ltr'><strong>namque</strong></span> <span class='ocrx_word' id='word_1_42' title='bbox 877 565 953 615; x_wconf 81' lang='lat' dir='ltr'><strong>nifi</strong></span> <span class='ocrx_word' id='word_1_43' title='bbox 965 571 1276 624; x_wconf 79' lang='lat' dir='ltr'><strong>conueniant‚&amp;</strong></span> <span class='ocrx_word' id='word_1_44' title='bbox 1292 568 1484 635; x_wconf 86' lang='lat' dir='ltr'><strong>quodam</strong></span> <span class='ocrx_word' id='word_1_45' title='bbox 1494 567 1632 616; x_wconf 87' lang='lat' dir='ltr'><strong>modo</strong></span> <span class='ocrx_word' id='word_1_46' title='bbox 1645 569 1746 616; x_wconf 83' lang='lat' dir='ltr'><strong>fiant</strong></span> <span class='ocrx_word' id='word_1_47' title='bbox 1755 585 1906 622; x_wconf 81' lang='lat' dir='ltr'><strong>vnum,</strong></span> 
     </span>
     <span class='ocr_line' id='line_1_6' title="bbox 263 627 1908 701; baseline 0.002 -22"><span class='ocrx_word' id='word_1_48' title='bbox 263 630 495 681; x_wconf 83' lang='lat' dir='ltr'><strong>distrahunt</strong></span> <span class='ocrx_word' id='word_1_49' title='bbox 507 640 550 680; x_wconf 72' lang='grc' dir='ltr'><strong>ει</strong></span> <span class='ocrx_word' id='word_1_50' title='bbox 564 648 842 699; x_wconf 83' lang='lat' dir='ltr'><strong>corrumpunt</strong></span> <span class='ocrx_word' id='word_1_51' title='bbox 851 650 899 680; x_wconf 91' lang='lat' dir='ltr'><strong>ea</strong></span> <span class='ocrx_word' id='word_1_52' title='bbox 909 627 1062 700; x_wconf 86' lang='lat' dir='ltr'><strong>quibus</strong></span> <span class='ocrx_word' id='word_1_53' title='bbox 1072 634 1244 700; x_wconf 71' lang='lat' dir='ltr'><strong>praesunt</strong></span> <span class='ocrx_word' id='word_1_54' title='bbox 1256 654 1267 681; x_wconf 91' lang='lat'><strong>:</strong></span> <span class='ocrx_word' id='word_1_55' title='bbox 1280 633 1402 700; x_wconf 88' lang='lat' dir='ltr'><strong>quod</strong></span> <span class='ocrx_word' id='word_1_56' title='bbox 1424 651 1526 699; x_wconf 86' lang='lat' dir='ltr'><strong>ergo</strong></span> <span class='ocrx_word' id='word_1_57' title='bbox 1548 632 1670 682; x_wconf 87' lang='lat' dir='ltr'><strong>multi</strong></span> <span class='ocrx_word' id='word_1_58' title='bbox 1682 634 1787 682; x_wconf 87' lang='lat' dir='ltr'><strong>bene</strong></span> <span class='ocrx_word' id='word_1_59' title='bbox 1806 651 1908 701; x_wconf 75' lang='lat' dir='ltr'><strong>prze-</strong></span> 
     </span>
     <span class='ocr_line' id='line_1_7' title="bbox 265 695 1908 766; baseline 0.002 -21"><span class='ocrx_word' id='word_1_60' title='bbox 265 695 422 746; x_wconf 83' lang='lat' dir='ltr'><strong>fideant</strong></span> <span class='ocrx_word' id='word_1_61' title='bbox 431 715 520 746; x_wconf 87' lang='lat' dir='ltr'><strong>non</strong></span> <span class='ocrx_word' id='word_1_62' title='bbox 531 702 581 745; x_wconf 89' lang='lat' dir='ltr'><strong>iis</strong></span> <span class='ocrx_word' id='word_1_63' title='bbox 624 716 667 746; x_wconf 89' lang='lat' dir='ltr'><strong>et</strong></span> <span class='ocrx_word' id='word_1_64' title='bbox 676 697 717 747; x_wconf 95' lang='lat' dir='ltr'><strong>se</strong></span> <span class='ocrx_word' id='word_1_65' title='bbox 728 702 927 747; x_wconf 87' lang='lat' dir='ltr'><strong>conuenit</strong></span> <span class='ocrx_word' id='word_1_66' title='bbox 935 727 951 752; x_wconf 74' lang='grc'><strong>.</strong></span> <span class='ocrx_word' id='word_1_67' title='bbox 959 698 1026 746; x_wconf 89' lang='lat' dir='ltr'><strong>sed</strong></span> <span class='ocrx_word' id='word_1_68' title='bbox 1039 715 1112 766; x_wconf 87' lang='lat' dir='ltr'><strong>per</strong></span> <span class='ocrx_word' id='word_1_69' title='bbox 1121 699 1310 748; x_wconf 83' lang='lat' dir='ltr'><strong>accidens</strong></span> <span class='ocrx_word' id='word_1_70' title='bbox 1321 723 1333 757; x_wconf 75' lang='lat'>3</span> <span class='ocrx_word' id='word_1_71' title='bbox 1346 715 1548 766; x_wconf 87' lang='lat' dir='ltr'><strong>quatenus</strong></span> <span class='ocrx_word' id='word_1_72' title='bbox 1560 697 1714 747; x_wconf 85' lang='lat' dir='ltr'><strong>scilicet</strong></span> <span class='ocrx_word' id='word_1_73' title='bbox 1724 698 1770 746; x_wconf 92' lang='lat' dir='ltr'><strong>hi</strong></span> <span class='ocrx_word' id='word_1_74' title='bbox 1782 699 1908 748; x_wconf 87' lang='lat' dir='ltr'><strong>multi</strong></span> 
     </span>
     <span class='ocr_line' id='line_1_8' title="bbox 263 716 1907 832; baseline 0.003 -22"><span class='ocrx_word' id='word_1_75' title='bbox 263 767 465 830; x_wconf 80' lang='lat' dir='ltr'>principes</span> <span class='ocrx_word' id='word_1_76' title='bbox 485 716 678 831; x_wconf 61' lang='lat' dir='ltr'><strong>quodam</strong></span> <span class='ocrx_word' id='word_1_77' title='bbox 698 764 833 812; x_wconf 86' lang='lat' dir='ltr'><strong>modo</strong></span> <span class='ocrx_word' id='word_1_78' title='bbox 845 764 951 812; x_wconf 88' lang='lat' dir='ltr'><strong>fiunt</strong></span> <span class='ocrx_word' id='word_1_79' title='bbox 963 782 1093 812; x_wconf 81' lang='lat' dir='ltr'><strong>vnum</strong></span> <span class='ocrx_word' id='word_1_80' title='bbox 1108 782 1203 832; x_wconf 82' lang='lat' dir='ltr'><strong>:per</strong></span> <span class='ocrx_word' id='word_1_81' title='bbox 1222 763 1262 812; x_wconf 75' lang='lat' dir='ltr'><strong>se</strong></span> <span class='ocrx_word' id='word_1_82' title='bbox 1284 769 1410 831; x_wconf 86' lang='lat' dir='ltr'><strong>igitur</strong></span> <span class='ocrx_word' id='word_1_83' title='bbox 1420 763 1654 812; x_wconf 83' lang='lat' dir='ltr'><strong>multitudo</strong></span> <span class='ocrx_word' id='word_1_84' title='bbox 1668 770 1907 832; x_wconf 84' lang='lat' dir='ltr'><strong>principum</strong></span> 
     </span>
     <span class='ocr_line' id='line_1_9' title="bbox 263 827 1904 897; baseline 0.002 -21"><span class='ocrx_word' id='word_1_85' title='bbox 263 827 375 876; x_wconf 85' lang='lat' dir='ltr'><strong>mala</strong></span> <span class='ocrx_word' id='word_1_86' title='bbox 387 830 451 876; x_wconf 88' lang='lat' dir='ltr'><strong>est</strong></span> <span class='ocrx_word' id='word_1_87' title='bbox 461 866 471 877; x_wconf 96' lang='lat'>.</span> <span class='ocrx_word' id='word_1_88' title='bbox 485 830 529 878; x_wconf 87' lang='lat' dir='ltr'><strong>id</strong></span> <span class='ocrx_word' id='word_1_89' title='bbox 540 827 641 878; x_wconf 72' lang='lat' dir='ltr'><strong>vero</strong></span> <span class='ocrx_word' id='word_1_90' title='bbox 653 830 773 896; x_wconf 88' lang='lat' dir='ltr'><strong>quod</strong></span> <span class='ocrx_word' id='word_1_91' title='bbox 783 847 855 896; x_wconf 85' lang='lat' dir='ltr'><strong>pet</strong></span> <span class='ocrx_word' id='word_1_92' title='bbox 875 829 1063 878; x_wconf 89' lang='lat' dir='ltr'><strong>accidens</strong></span> <span class='ocrx_word' id='word_1_93' title='bbox 1082 831 1139 878; x_wconf 91' lang='lat' dir='ltr'><strong>est</strong></span> <span class='ocrx_word' id='word_1_94' title='bbox 1147 866 1160 888; x_wconf 90' lang='lat'>,</span> <span class='ocrx_word' id='word_1_95' title='bbox 1172 830 1260 877; x_wconf 87' lang='lat' dir='ltr'><strong>fieri</strong></span> <span class='ocrx_word' id='word_1_96' title='bbox 1279 834 1426 896; x_wconf 84' lang='lat' dir='ltr'><strong>nequit</strong></span> <span class='ocrx_word' id='word_1_97' title='bbox 1436 846 1481 879; x_wconf 80' lang='lat' dir='ltr'><strong>vt</strong></span> <span class='ocrx_word' id='word_1_98' title='bbox 1492 828 1540 878; x_wconf 83' lang='lat' dir='ltr'><strong>fit</strong></span> <span class='ocrx_word' id='word_1_99' title='bbox 1580 835 1734 879; x_wconf 84' lang='lat' dir='ltr'><strong>timum</strong></span> <span class='ocrx_word' id='word_1_100' title='bbox 1752 836 1904 897; x_wconf 84' lang='lat' dir='ltr'><strong>princi·-</strong></span> 
     </span>
    </p>

    <p class='ocr_par' dir='ltr' id='par_1_3' title="bbox 261 849 1906 1028">
     <span class='ocr_line' id='line_1_10' title="bbox 293 849 1906 962; baseline 0.002 -22"><span class='ocrx_word' id='word_1_101' title='bbox 293 899 381 942; x_wconf 88' lang='lat' dir='ltr'><strong>ium</strong></span> <span class='ocrx_word' id='word_1_102' title='bbox 395 931 405 944; x_wconf 91' lang='lat'>.</span> <span class='ocrx_word' id='word_1_103' title='bbox 423 894 526 943; x_wconf 85' lang='lat' dir='ltr'><strong>Ideo</strong></span> <span class='ocrx_word' id='word_1_104' title='bbox 546 891 647 943; x_wconf 76' lang='lat' dir='ltr'><strong>ct’im</strong></span> <span class='ocrx_word' id='word_1_105' title='bbox 659 898 823 943; x_wconf 81' lang='lat' dir='ltr'><strong>entium</strong></span> <span class='ocrx_word' id='word_1_106' title='bbox 843 893 1077 944; x_wconf 83' lang='lat' dir='ltr'><strong>vniuerfitas</strong></span> <span class='ocrx_word' id='word_1_107' title='bbox 1099 913 1238 962; x_wconf 87' lang='lat' dir='ltr'><strong>neque</strong></span> <span class='ocrx_word' id='word_1_108' title='bbox 1260 894 1309 944; x_wconf 82' lang='lat' dir='ltr'><strong>fit</strong></span> <span class='ocrx_word' id='word_1_109' title='bbox 1319 931 1334 952; x_wconf 87' lang='lat'>,</span> <span class='ocrx_word' id='word_1_110' title='bbox 1343 913 1482 962; x_wconf 88' lang='lat' dir='ltr'><strong>neque</strong></span> <span class='ocrx_word' id='word_1_111' title='bbox 1493 849 1577 944; x_wconf 54' lang='lat' dir='ltr'><strong>eng</strong></span> <span class='ocrx_word' id='word_1_112' title='bbox 1583 911 1709 962; x_wconf 80' lang='lat' dir='ltr'>queat</span> <span class='ocrx_word' id='word_1_113' title='bbox 1720 894 1830 944; x_wconf 69' lang='lat' dir='ltr'><strong>male</strong></span> <span class='ocrx_word' id='word_1_114' title='bbox 1838 897 1906 944; x_wconf 90' lang='lat' dir='ltr'><strong>di-</strong></span> 
     </span>
     <span class='ocr_line' id='line_1_11' title="bbox 261 911 1902 1028; baseline 0.002 -22"><span class='ocrx_word' id='word_1_115' title='bbox 261 911 414 1025; x_wconf 50' lang='lat' dir='ltr'><strong>{pofita</strong></span> <span class='ocrx_word' id='word_1_116' title='bbox 432 997 446 1018; x_wconf 92' lang='lat'><strong>,</strong></span> <span class='ocrx_word' id='word_1_117' title='bbox 467 978 571 1010; x_wconf 85' lang='lat' dir='ltr'><strong>vnus</strong></span> <span class='ocrx_word' id='word_1_118' title='bbox 595 958 759 1009; x_wconf 63' lang='lat' dir='ltr'><strong>tantum</strong></span> <span class='ocrx_word' id='word_1_119' title='bbox 779 965 855 1008; x_wconf 93' lang='lat' dir='ltr'><strong>erit</strong></span> <span class='ocrx_word' id='word_1_120' title='bbox 905 966 1060 1027; x_wconf 86' lang='lat' dir='ltr'><strong>rinceps</strong></span> <span class='ocrx_word' id='word_1_121' title='bbox 1084 979 1173 1008; x_wconf 88' lang='lat' dir='ltr'><strong>non</strong></span> <span class='ocrx_word' id='word_1_122' title='bbox 1191 959 1319 1011; x_wconf 89' lang='lat' dir='ltr'><strong>multi</strong></span> <span class='ocrx_word' id='word_1_123' title='bbox 1336 997 1348 1009; x_wconf 92' lang='lat'>.</span> <span class='ocrx_word' id='word_1_124' title='bbox 1381 958 1577 1028; x_wconf 81' lang='lat' dir='ltr'><strong>Amplius</strong></span> <span class='ocrx_word' id='word_1_125' title='bbox 1609 965 1716 1009; x_wconf 87' lang='lat' dir='ltr'><strong>ratio</strong></span> <span class='ocrx_word' id='word_1_126' title='bbox 1736 966 1902 1010; x_wconf 85' lang='lat' dir='ltr'><strong>Parme-</strong></span> 
     </span>
    </p>

    <p class='ocr_par' dir='ltr' id='par_1_4' title="bbox 195 978 1902 1747">
     <span class='ocr_line' id='line_1_12' title="bbox 195 978 1902 1102; baseline 0.002 -31"><span class='ocrx_word' id='word_1_127' title='bbox 195 1055 232 1102; x_wconf 73' lang='grc' dir='ltr'><strong>Β</strong></span> <span class='ocrx_word' id='word_1_128' title='bbox 263 1025 369 1072; x_wconf 76' lang='lat' dir='ltr'><strong>nidis</strong></span> <span class='ocrx_word' id='word_1_129' title='bbox 399 1023 657 1074; x_wconf 68' lang='lat' dir='ltr'><strong>efficacifime</strong></span> <span class='ocrx_word' id='word_1_130' title='bbox 688 1044 789 1074; x_wconf 87' lang='lat' dir='ltr'><strong>meo</strong></span> <span class='ocrx_word' id='word_1_131' title='bbox 812 978 971 1075; x_wconf 63' lang='lat' dir='ltr'><strong>iudicio</strong></span> <span class='ocrx_word' id='word_1_132' title='bbox 1002 1025 1089 1075; x_wconf 87' lang='lat' dir='ltr'><strong>hoc</strong></span> <span class='ocrx_word' id='word_1_133' title='bbox 1119 1026 1269 1093; x_wconf 86' lang='lat' dir='ltr'><strong>probat</strong></span> <span class='ocrx_word' id='word_1_134' title='bbox 1282 1064 1296 1075; x_wconf 79' lang='lat'><strong>.</strong></span> <span class='ocrx_word' id='word_1_135' title='bbox 1316 1029 1438 1075; x_wconf 86' lang='lat' dir='ltr'><strong>Nam</strong></span> <span class='ocrx_word' id='word_1_136' title='bbox 1461 1027 1664 1095; x_wconf 84' lang='lat' dir='ltr'><strong>quicquid</strong></span> <span class='ocrx_word' id='word_1_137' title='bbox 1688 1027 1746 1074; x_wconf 86' lang='lat' dir='ltr'><strong>est</strong></span> <span class='ocrx_word' id='word_1_138' title='bbox 1760 1042 1902 1094; x_wconf 84' lang='lat' dir='ltr'><strong>praeter</strong></span> 
     </span>
     <span class='ocr_line' id='line_1_13' title="bbox 261 1089 1899 1174; baseline 0.001 -36"><span class='ocrx_word' id='word_1_139' title='bbox 261 1091 399 1156; x_wconf 70' lang='lat' dir='ltr'><strong>ipsum</strong></span> <span class='ocrx_word' id='word_1_140' title='bbox 409 1105 479 1138; x_wconf 84' lang='lat' dir='ltr'><strong>ens</strong></span> <span class='ocrx_word' id='word_1_141' title='bbox 489 1127 503 1150; x_wconf 90' lang='lat'><strong>,</strong></span> <span class='ocrx_word' id='word_1_142' title='bbox 513 1090 559 1139; x_wconf 82' lang='lat' dir='ltr'><strong>id</strong></span> <span class='ocrx_word' id='word_1_143' title='bbox 569 1093 629 1139; x_wconf 91' lang='lat' dir='ltr'><strong>est</strong></span> <span class='ocrx_word' id='word_1_144' title='bbox 639 1109 779 1158; x_wconf 82' lang='lat' dir='ltr'><strong>praeter</strong></span> <span class='ocrx_word' id='word_1_145' title='bbox 787 1092 923 1158; x_wconf 84' lang='lat' dir='ltr'><strong>ipsum</strong></span> <span class='ocrx_word' id='word_1_146' title='bbox 943 1091 1021 1138; x_wconf 82' lang='lat' dir='ltr'><strong>effe</strong></span> <span class='ocrx_word' id='word_1_147' title='bbox 1031 1127 1043 1150; x_wconf 89' lang='lat'><strong>,</strong></span> <span class='ocrx_word' id='word_1_148' title='bbox 1057 1092 1177 1174; x_wconf 73' lang='lat' dir='ltr'><strong>quod</strong></span> <span class='ocrx_word' id='word_1_149' title='bbox 1197 1089 1337 1140; x_wconf 67' lang='lat' dir='ltr'><strong>solfim</strong></span> <span class='ocrx_word' id='word_1_150' title='bbox 1348 1090 1440 1139; x_wconf 71' lang='lat' dir='ltr'><strong>vere</strong></span> <span class='ocrx_word' id='word_1_151' title='bbox 1450 1093 1507 1140; x_wconf 90' lang='lat' dir='ltr'><strong>est</strong></span> <span class='ocrx_word' id='word_1_152' title='bbox 1518 1110 1587 1139; x_wconf 87' lang='lat' dir='ltr'><strong>ens</strong></span> <span class='ocrx_word' id='word_1_153' title='bbox 1600 1128 1613 1148; x_wconf 86' lang='lat'>,</span> <span class='ocrx_word' id='word_1_154' title='bbox 1626 1093 1684 1140; x_wconf 87' lang='lat' dir='ltr'><strong>est</strong></span> <span class='ocrx_word' id='word_1_155' title='bbox 1704 1110 1794 1140; x_wconf 86' lang='lat' dir='ltr'><strong>non</strong></span> <span class='ocrx_word' id='word_1_156' title='bbox 1814 1111 1899 1140; x_wconf 80' lang='lat' dir='ltr'><strong>ens:</strong></span> 
     </span>
     <span class='ocr_line' id='line_1_14' title="bbox 261 1154 1901 1225; baseline 0.001 -21"><span class='ocrx_word' id='word_1_157' title='bbox 261 1173 311 1204; x_wconf 93' lang='lat' dir='ltr'><strong>ac</strong></span> <span class='ocrx_word' id='word_1_158' title='bbox 331 1154 575 1204; x_wconf 81' lang='lat' dir='ltr'><strong>huiufinodi</strong></span> <span class='ocrx_word' id='word_1_159' title='bbox 595 1175 686 1205; x_wconf 89' lang='lat' dir='ltr'><strong>non</strong></span> <span class='ocrx_word' id='word_1_160' title='bbox 703 1175 773 1206; x_wconf 87' lang='lat' dir='ltr'><strong>ens</strong></span> <span class='ocrx_word' id='word_1_161' title='bbox 795 1155 898 1205; x_wconf 86' lang='lat' dir='ltr'><strong>nihil</strong></span> <span class='ocrx_word' id='word_1_162' title='bbox 919 1158 975 1205; x_wconf 90' lang='lat' dir='ltr'><strong>est</strong></span> <span class='ocrx_word' id='word_1_163' title='bbox 985 1177 999 1204; x_wconf 89' lang='grc'><strong>.·</strong></span> <span class='ocrx_word' id='word_1_164' title='bbox 1011 1175 1084 1224; x_wconf 77' lang='lat' dir='ltr'><strong>qui</strong></span> <span class='ocrx_word' id='word_1_165' title='bbox 1107 1175 1274 1223; x_wconf 87' lang='lat' dir='ltr'><strong>nanque</strong></span> <span class='ocrx_word' id='word_1_166' title='bbox 1295 1157 1384 1204; x_wconf 83' lang='lat' dir='ltr'><strong>fieri</strong></span> <span class='ocrx_word' id='word_1_167' title='bbox 1432 1158 1538 1205; x_wconf 90' lang='lat' dir='ltr'><strong>otest</strong></span> <span class='ocrx_word' id='word_1_168' title='bbox 1558 1174 1603 1206; x_wconf 84' lang='lat' dir='ltr'><strong>vt</strong></span> <span class='ocrx_word' id='word_1_169' title='bbox 1620 1158 1722 1225; x_wconf 90' lang='lat' dir='ltr'><strong>quid</strong></span> <span class='ocrx_word' id='word_1_170' title='bbox 1752 1163 1834 1206; x_wconf 89' lang='lat' dir='ltr'><strong>iam</strong></span> <span class='ocrx_word' id='word_1_171' title='bbox 1848 1157 1901 1207; x_wconf 88' lang='lat' dir='ltr'><strong>fit</strong></span> 
     </span>
     <span class='ocr_line' id='line_1_15' title="bbox 261 1175 1898 1291; baseline 0 -21"><span class='ocrx_word' id='word_1_172' title='bbox 261 1238 407 1288; x_wconf 78' lang='lat' dir='ltr'><strong>praeter</strong></span> <span class='ocrx_word' id='word_1_173' title='bbox 427 1220 565 1290; x_wconf 87' lang='lat' dir='ltr'><strong>ipsum</strong></span> <span class='ocrx_word' id='word_1_174' title='bbox 581 1225 659 1271; x_wconf 83' lang='lat' dir='ltr'><strong>effe</strong></span> <span class='ocrx_word' id='word_1_175' title='bbox 673 1235 687 1270; x_wconf 72' lang='grc' dir='ltr'><strong><em>ἓ</em></strong></span> <span class='ocrx_word' id='word_1_176' title='bbox 700 1228 855 1272; x_wconf 85' lang='lat' dir='ltr'><strong>etenim</strong></span> <span class='ocrx_word' id='word_1_177' title='bbox 867 1222 939 1272; x_wconf 89' lang='lat' dir='ltr'><strong>reli</strong></span> <span class='ocrx_word' id='word_1_178' title='bbox 971 1241 1023 1271; x_wconf 89' lang='lat' dir='ltr'><strong>ua</strong></span> <span class='ocrx_word' id='word_1_179' title='bbox 1033 1241 1127 1291; x_wconf 86' lang='lat' dir='ltr'><strong>quae</strong></span> <span class='ocrx_word' id='word_1_180' title='bbox 1147 1223 1360 1278; x_wconf 88' lang='lat' dir='ltr'><strong>sunt‚non</strong></span> <span class='ocrx_word' id='word_1_181' title='bbox 1380 1175 1472 1272; x_wconf 57' lang='lat' dir='ltr'><strong>(gut</strong></span> <span class='ocrx_word' id='word_1_182' title='bbox 1492 1239 1637 1290; x_wconf 75' lang='lat' dir='ltr'><strong>praeter</strong></span> <span class='ocrx_word' id='word_1_183' title='bbox 1656 1227 1698 1290; x_wconf 88' lang='lat' dir='ltr'><strong>ip</strong></span> <span class='ocrx_word' id='word_1_184' title='bbox 1720 1241 1792 1270; x_wconf 90' lang='lat' dir='ltr'><strong>um</strong></span> <span class='ocrx_word' id='word_1_185' title='bbox 1805 1225 1898 1282; x_wconf 85' lang='lat' dir='ltr'><strong>effe,</strong></span> 
     </span>
     <span class='ocr_line' id='line_1_16' title="bbox 261 1242 1899 1356; baseline 0.002 -23"><span class='ocrx_word' id='word_1_186' title='bbox 261 1292 457 1352; x_wconf 84' lang='lat' dir='ltr'><strong>quinimo</strong></span> <span class='ocrx_word' id='word_1_187' title='bbox 467 1289 561 1336; x_wconf 86' lang='lat' dir='ltr'><strong>sunt</strong></span> <span class='ocrx_word' id='word_1_188' title='bbox 571 1242 1015 1356; x_wconf 68' lang='lat' dir='ltr'><strong>participationeipllus</strong></span> <span class='ocrx_word' id='word_1_189' title='bbox 1028 1289 1105 1337; x_wconf 85' lang='lat' dir='ltr'><strong>effe</strong></span> <span class='ocrx_word' id='word_1_190' title='bbox 1116 1326 1131 1347; x_wconf 89' lang='lat'>,</span> <span class='ocrx_word' id='word_1_191' title='bbox 1141 1290 1193 1337; x_wconf 88' lang='lat' dir='ltr'><strong>ab</strong></span> <span class='ocrx_word' id='word_1_192' title='bbox 1215 1286 1352 1356; x_wconf 74' lang='lat' dir='ltr'><strong>eoque</strong></span> <span class='ocrx_word' id='word_1_193' title='bbox 1364 1293 1628 1336; x_wconf 86' lang='lat' dir='ltr'><strong>continentur</strong></span> <span class='ocrx_word' id='word_1_194' title='bbox 1638 1324 1648 1336; x_wconf 91' lang='lat'><strong><em>.</em></strong></span> <span class='ocrx_word' id='word_1_195' title='bbox 1662 1307 1734 1336; x_wconf 84' lang='lat' dir='ltr'><strong>ens</strong></span> <span class='ocrx_word' id='word_1_196' title='bbox 1756 1293 1899 1354; x_wconf 86' lang='lat' dir='ltr'><strong>igitur,</strong></span> 
     </span>
     <span class='ocr_line' id='line_1_17' title="bbox 259 1351 1898 1422; baseline 0.002 -23"><span class='ocrx_word' id='word_1_197' title='bbox 259 1352 305 1400; x_wconf 88' lang='lat' dir='ltr'><strong>id</strong></span> <span class='ocrx_word' id='word_1_198' title='bbox 317 1353 375 1399; x_wconf 89' lang='lat' dir='ltr'><strong>est</strong></span> <span class='ocrx_word' id='word_1_199' title='bbox 384 1354 517 1419; x_wconf 87' lang='lat' dir='ltr'><strong>ipsum</strong></span> <span class='ocrx_word' id='word_1_200' title='bbox 529 1372 601 1420; x_wconf 88' lang='lat' dir='ltr'><strong>per</strong></span> <span class='ocrx_word' id='word_1_201' title='bbox 610 1356 649 1402; x_wconf 73' lang='lat' dir='ltr'><strong>si:</strong></span> <span class='ocrx_word' id='word_1_202' title='bbox 661 1373 733 1402; x_wconf 86' lang='lat' dir='ltr'><strong>ens</strong></span> <span class='ocrx_word' id='word_1_203' title='bbox 743 1388 759 1408; x_wconf 86' lang='lat'><em>,</em></span> <span class='ocrx_word' id='word_1_204' title='bbox 771 1364 813 1403; x_wconf 74' lang='grc' dir='ltr'><strong>δε</strong></span> <span class='ocrx_word' id='word_1_205' title='bbox 825 1373 897 1422; x_wconf 88' lang='lat' dir='ltr'><strong>per</strong></span> <span class='ocrx_word' id='word_1_206' title='bbox 907 1355 947 1402; x_wconf 88' lang='lat' dir='ltr'><strong>se</strong></span> <span class='ocrx_word' id='word_1_207' title='bbox 957 1355 1058 1412; x_wconf 87' lang='lat' dir='ltr'><strong>effe,</strong></span> <span class='ocrx_word' id='word_1_208' title='bbox 1068 1356 1126 1403; x_wconf 88' lang='lat' dir='ltr'><strong>est</strong></span> <span class='ocrx_word' id='word_1_209' title='bbox 1139 1371 1266 1403; x_wconf 85' lang='lat' dir='ltr'><strong>vnum</strong></span> <span class='ocrx_word' id='word_1_210' title='bbox 1278 1351 1442 1403; x_wconf 68' lang='lat' dir='ltr'><strong>tannim</strong></span> <span class='ocrx_word' id='word_1_211' title='bbox 1456 1374 1466 1401; x_wconf 71' lang='grc' dir='ltr'><strong>ε</strong></span> <span class='ocrx_word' id='word_1_212' title='bbox 1480 1372 1576 1402; x_wconf 89' lang='lat' dir='ltr'><strong>nam</strong></span> <span class='ocrx_word' id='word_1_213' title='bbox 1588 1353 1618 1402; x_wconf 84' lang='lat' dir='ltr'>fi</span> <span class='ocrx_word' id='word_1_214' title='bbox 1628 1351 1744 1420; x_wconf 85' lang='lat' dir='ltr'><strong>plura</strong></span> <span class='ocrx_word' id='word_1_215' title='bbox 1756 1356 1898 1410; x_wconf 83' lang='lat' dir='ltr'><strong>effent,</strong></span> 
     </span>
     <span class='ocr_line' id='line_1_18' title="bbox 261 1415 1898 1487; baseline 0.002 -23"><span class='ocrx_word' id='word_1_216' title='bbox 261 1415 419 1483; x_wconf 86' lang='lat' dir='ltr'><strong>aliquid</strong></span> <span class='ocrx_word' id='word_1_217' title='bbox 430 1419 473 1466; x_wconf 87' lang='lat' dir='ltr'><strong>id</strong></span> <span class='ocrx_word' id='word_1_218' title='bbox 485 1437 585 1485; x_wconf 86' lang='lat' dir='ltr'><strong>ergo</strong></span> <span class='ocrx_word' id='word_1_219' title='bbox 603 1421 807 1478; x_wconf 86' lang='lat' dir='ltr'><strong>existeret,</strong></span> <span class='ocrx_word' id='word_1_220' title='bbox 822 1430 865 1468; x_wconf 75' lang='grc' dir='ltr'><strong>δι</strong></span> <span class='ocrx_word' id='word_1_221' title='bbox 877 1422 973 1468; x_wconf 79' lang='lat' dir='ltr'><strong>effer</strong></span> <span class='ocrx_word' id='word_1_222' title='bbox 984 1436 1124 1486; x_wconf 84' lang='lat' dir='ltr'><strong>praeter</strong></span> <span class='ocrx_word' id='word_1_223' title='bbox 1133 1419 1270 1487; x_wconf 86' lang='lat' dir='ltr'><strong>ipsum</strong></span> <span class='ocrx_word' id='word_1_224' title='bbox 1280 1421 1358 1468; x_wconf 82' lang='lat' dir='ltr'><strong>effe</strong></span> <span class='ocrx_word' id='word_1_225' title='bbox 1370 1451 1380 1463; x_wconf 86' lang='lat'>.</span> <span class='ocrx_word' id='word_1_226' title='bbox 1404 1424 1508 1467; x_wconf 82' lang='lat' dir='ltr'><strong>Hoc</strong></span> <span class='ocrx_word' id='word_1_227' title='bbox 1516 1418 1618 1467; x_wconf 70' lang='lat' dir='ltr'><strong>vero</strong></span> <span class='ocrx_word' id='word_1_228' title='bbox 1629 1416 1734 1467; x_wconf 71' lang='lat' dir='ltr'><strong>adeo</strong></span> <span class='ocrx_word' id='word_1_229' title='bbox 1748 1418 1898 1468; x_wconf 83' lang='lat' dir='ltr'><strong>falsum</strong></span> 
     </span>
     <span class='ocr_line' id='line_1_19' title="bbox 261 1483 1897 1553; baseline 0.002 -24"><span class='ocrx_word' id='word_1_230' title='bbox 261 1483 321 1529; x_wconf 85' lang='lat' dir='ltr'><strong>est</strong></span> <span class='ocrx_word' id='word_1_231' title='bbox 329 1519 343 1540; x_wconf 92' lang='lat'><strong>,</strong></span> <span class='ocrx_word' id='word_1_232' title='bbox 355 1498 401 1531; x_wconf 79' lang='lat' dir='ltr'><strong>vt</strong></span> <span class='ocrx_word' id='word_1_233' title='bbox 411 1483 619 1532; x_wconf 70' lang='lat' dir='ltr'><strong>intelle-stu</strong></span> <span class='ocrx_word' id='word_1_234' title='bbox 632 1490 723 1552; x_wconf 90' lang='lat' dir='ltr'><strong>capi</strong></span> <span class='ocrx_word' id='word_1_235' title='bbox 733 1503 823 1533; x_wconf 85' lang='lat' dir='ltr'><strong>non</strong></span> <span class='ocrx_word' id='word_1_236' title='bbox 835 1502 958 1553; x_wconf 82' lang='lat' dir='ltr'><strong>queat</strong></span> <span class='ocrx_word' id='word_1_237' title='bbox 967 1520 978 1531; x_wconf 92' lang='lat'>.</span> <span class='ocrx_word' id='word_1_238' title='bbox 993 1490 1096 1532; x_wconf 85' lang='lat' dir='ltr'><strong>Hoc</strong></span> <span class='ocrx_word' id='word_1_239' title='bbox 1116 1490 1242 1551; x_wconf 88' lang='lat' dir='ltr'><strong>igitur</strong></span> <span class='ocrx_word' id='word_1_240' title='bbox 1252 1485 1386 1532; x_wconf 86' lang='lat' dir='ltr'><strong>modo</strong></span> <span class='ocrx_word' id='word_1_241' title='bbox 1398 1522 1412 1543; x_wconf 93' lang='lat'>,</span> <span class='ocrx_word' id='word_1_242' title='bbox 1422 1501 1550 1551; x_wconf 85' lang='lat' dir='ltr'><strong>atque</strong></span> <span class='ocrx_word' id='word_1_243' title='bbox 1569 1483 1812 1532; x_wconf 86' lang='lat' dir='ltr'><strong>huiusmodi</strong></span> <span class='ocrx_word' id='word_1_244' title='bbox 1832 1490 1897 1533; x_wconf 88' lang='lat' dir='ltr'><strong>in-</strong></span> 
     </span>
     <span class='ocr_line' id='line_1_20' title="bbox 260 1548 1893 1617; baseline 0.002 -22"><span class='ocrx_word' id='word_1_245' title='bbox 260 1549 783 1614; x_wconf 77' lang='lat' dir='ltr'><strong>terpretatione,stntentia</strong></span> <span class='ocrx_word' id='word_1_246' title='bbox 803 1549 990 1617; x_wconf 73' lang='lat' dir='ltr'><strong>ratioque</strong></span> <span class='ocrx_word' id='word_1_247' title='bbox 1001 1551 1252 1599; x_wconf 85' lang='lat' dir='ltr'><strong>Parmenidis</strong></span> <span class='ocrx_word' id='word_1_248' title='bbox 1265 1552 1322 1598; x_wconf 86' lang='lat' dir='ltr'><strong>est</strong></span> <span class='ocrx_word' id='word_1_249' title='bbox 1344 1548 1450 1598; x_wconf 69' lang='lat' dir='ltr'><strong>adeo</strong></span> <span class='ocrx_word' id='word_1_250' title='bbox 1462 1566 1570 1597; x_wconf 84' lang='lat' dir='ltr'><strong>certa</strong></span> <span class='ocrx_word' id='word_1_251' title='bbox 1590 1566 1716 1617; x_wconf 87' lang='lat' dir='ltr'><strong>atque</strong></span> <span class='ocrx_word' id='word_1_252' title='bbox 1736 1548 1893 1609; x_wconf 89' lang='lat' dir='ltr'><strong>efficax,</strong></span> 
     </span>
     <span class='ocr_line' id='line_1_21' title="bbox 259 1612 1895 1682; baseline 0.001 -22"><span class='ocrx_word' id='word_1_253' title='bbox 259 1628 307 1660; x_wconf 75' lang='lat' dir='ltr'><strong>vt</strong></span> <span class='ocrx_word' id='word_1_254' title='bbox 317 1612 418 1661; x_wconf 86' lang='lat' dir='ltr'><strong>nihil</strong></span> <span class='ocrx_word' id='word_1_255' title='bbox 431 1615 660 1663; x_wconf 87' lang='lat' dir='ltr'><strong>euidentius</strong></span> <span class='ocrx_word' id='word_1_256' title='bbox 671 1617 749 1662; x_wconf 80' lang='lat' dir='ltr'><strong>effe</strong></span> <span class='ocrx_word' id='word_1_257' title='bbox 761 1632 886 1682; x_wconf 82' lang='lat' dir='ltr'><strong>queat</strong></span> <span class='ocrx_word' id='word_1_258' title='bbox 895 1651 905 1662; x_wconf 93' lang='lat'><strong><em>.</em></strong></span> <span class='ocrx_word' id='word_1_259' title='bbox 916 1614 1037 1664; x_wconf 88' lang='lat' dir='ltr'><strong>Nihil</strong></span> <span class='ocrx_word' id='word_1_260' title='bbox 1049 1621 1161 1663; x_wconf 87' lang='lat' dir='ltr'><strong>enim</strong></span> <span class='ocrx_word' id='word_1_261' title='bbox 1173 1617 1231 1664; x_wconf 90' lang='lat' dir='ltr'><strong>est</strong></span> <span class='ocrx_word' id='word_1_262' title='bbox 1252 1631 1420 1682; x_wconf 84' lang='lat' dir='ltr'><strong>propter</strong></span> <span class='ocrx_word' id='word_1_263' title='bbox 1438 1632 1571 1663; x_wconf 87' lang='lat' dir='ltr'><strong>vnum</strong></span> <span class='ocrx_word' id='word_1_264' title='bbox 1593 1617 1671 1663; x_wconf 81' lang='lat' dir='ltr'><strong>effe</strong></span> <span class='ocrx_word' id='word_1_265' title='bbox 1682 1650 1696 1670; x_wconf 90' lang='lat'>‚</span> <span class='ocrx_word' id='word_1_266' title='bbox 1710 1632 1806 1662; x_wconf 87' lang='lat' dir='ltr'><strong>nam</strong></span> <span class='ocrx_word' id='word_1_267' title='bbox 1818 1634 1895 1663; x_wconf 83' lang='lat' dir='ltr'><strong>cae-</strong></span> 
     </span>
     <span class='ocr_line' id='line_1_22' title="bbox 259 1681 1894 1747; baseline 0.002 -22"><span class='ocrx_word' id='word_1_268' title='bbox 259 1694 346 1725; x_wconf 89' lang='lat' dir='ltr'><strong>tera</strong></span> <span class='ocrx_word' id='word_1_269' title='bbox 356 1684 501 1727; x_wconf 86' lang='lat' dir='ltr'><strong>omnia</strong></span> <span class='ocrx_word' id='word_1_270' title='bbox 511 1717 523 1738; x_wconf 87' lang='lat'>,</span> <span class='ocrx_word' id='word_1_271' title='bbox 537 1698 630 1746; x_wconf 85' lang='lat' dir='ltr'><strong>quae</strong></span> <span class='ocrx_word' id='word_1_272' title='bbox 641 1686 952 1747; x_wconf 82' lang='lat' dir='ltr'><strong>participatione</strong></span> <span class='ocrx_word' id='word_1_273' title='bbox 963 1681 1213 1729; x_wconf 83' lang='lat' dir='ltr'><strong>effendisunt</strong></span> <span class='ocrx_word' id='word_1_274' title='bbox 1224 1717 1238 1737; x_wconf 91' lang='lat'>,</span> <span class='ocrx_word' id='word_1_275' title='bbox 1249 1685 1392 1746; x_wconf 87' lang='lat' dir='ltr'><strong>vtique</strong></span> <span class='ocrx_word' id='word_1_276' title='bbox 1406 1698 1494 1727; x_wconf 84' lang='lat' dir='ltr'><strong>non</strong></span> <span class='ocrx_word' id='word_1_277' title='bbox 1510 1681 1684 1728; x_wconf 82' lang='lat' dir='ltr'><strong>existunt</strong></span> <span class='ocrx_word' id='word_1_278' title='bbox 1694 1717 1708 1738; x_wconf 89' lang='lat'>,</span> <span class='ocrx_word' id='word_1_279' title='bbox 1722 1681 1788 1728; x_wconf 89' lang='lat' dir='ltr'><strong>seu</strong></span> <span class='ocrx_word' id='word_1_280' title='bbox 1802 1683 1894 1728; x_wconf 88' lang='lat' dir='ltr'><strong>sunt</strong></span> 
     </span>
    </p>

    <p class='ocr_par' dir='ltr' id='par_1_5' title="bbox 185 1744 1894 2465">
     <span class='ocr_line' id='line_1_23' title="bbox 185 1744 1894 1814; baseline 0.001 -23"><span class='ocrx_word' id='word_1_281' title='bbox 185 1768 227 1812; x_wconf 79' lang='lat' dir='ltr'><strong>C</strong></span> <span class='ocrx_word' id='word_1_282' title='bbox 259 1761 401 1810; x_wconf 68' lang='lat' dir='ltr'><strong>praeter</strong></span> <span class='ocrx_word' id='word_1_283' title='bbox 417 1745 553 1811; x_wconf 87' lang='lat' dir='ltr'><strong>ipsum</strong></span> <span class='ocrx_word' id='word_1_284' title='bbox 565 1746 641 1793; x_wconf 86' lang='lat' dir='ltr'><strong>effe</strong></span> <span class='ocrx_word' id='word_1_285' title='bbox 651 1771 663 1803; x_wconf 64' lang='grc' dir='ltr'><strong>ς</strong></span> <span class='ocrx_word' id='word_1_286' title='bbox 675 1750 791 1794; x_wconf 85' lang='lat' dir='ltr'><strong>cuius</strong></span> <span class='ocrx_word' id='word_1_287' title='bbox 815 1750 1126 1814; x_wconf 84' lang='lat' dir='ltr'><strong>participatione</strong></span> <span class='ocrx_word' id='word_1_288' title='bbox 1133 1746 1308 1793; x_wconf 85' lang='lat' dir='ltr'><strong>existunt</strong></span> <span class='ocrx_word' id='word_1_289' title='bbox 1320 1782 1332 1803; x_wconf 91' lang='lat'><strong>,</strong></span> <span class='ocrx_word' id='word_1_290' title='bbox 1346 1744 1544 1793; x_wconf 88' lang='lat' dir='ltr'><strong>fouentur</strong></span> <span class='ocrx_word' id='word_1_291' title='bbox 1556 1782 1568 1803; x_wconf 93' lang='lat'>,</span> <span class='ocrx_word' id='word_1_292' title='bbox 1578 1762 1626 1792; x_wconf 86' lang='lat' dir='ltr'><strong>ac</strong></span> <span class='ocrx_word' id='word_1_293' title='bbox 1646 1746 1894 1793; x_wconf 85' lang='lat' dir='ltr'><strong>conseruan-</strong></span> 
     </span>
     <span class='ocr_line' id='line_1_24' title="bbox 257 1809 1893 1878; baseline 0.002 -22"><span class='ocrx_word' id='word_1_294' title='bbox 257 1825 337 1857; x_wconf 87' lang='lat' dir='ltr'><strong>tur.</strong></span> <span class='ocrx_word' id='word_1_295' title='bbox 380 1813 511 1858; x_wconf 89' lang='lat' dir='ltr'><strong>Nunc</strong></span> <span class='ocrx_word' id='word_1_296' title='bbox 533 1828 789 1859; x_wconf 85' lang='lat' dir='ltr'><strong>reuertamur</strong></span> <span class='ocrx_word' id='word_1_297' title='bbox 811 1812 865 1860; x_wconf 89' lang='lat' dir='ltr'><strong>ad</strong></span> <span class='ocrx_word' id='word_1_298' title='bbox 885 1829 951 1859; x_wconf 88' lang='lat' dir='ltr'><strong>eas</strong></span> <span class='ocrx_word' id='word_1_299' title='bbox 983 1816 1109 1878; x_wconf 87' lang='lat' dir='ltr'><strong>primi</strong></span> <span class='ocrx_word' id='word_1_300' title='bbox 1137 1815 1322 1878; x_wconf 86' lang='lat' dir='ltr'><strong>principij</strong></span> <span class='ocrx_word' id='word_1_301' title='bbox 1347 1816 1614 1877; x_wconf 82' lang='lat' dir='ltr'><strong>proprietates</strong></span> <span class='ocrx_word' id='word_1_302' title='bbox 1624 1809 1648 1857; x_wconf 70' lang='grc' dir='ltr'><strong>εὶ</strong></span> <span class='ocrx_word' id='word_1_303' title='bbox 1668 1811 1818 1877; x_wconf 85' lang='lat' dir='ltr'><strong>quibus</strong></span> <span class='ocrx_word' id='word_1_304' title='bbox 1831 1830 1893 1859; x_wconf 91' lang='lat' dir='ltr'><strong>re-</strong></span> 
     </span>
     <span class='ocr_line' id='line_1_25' title="bbox 259 1875 1892 1959; baseline 0.001 -37"><span class='ocrx_word' id='word_1_305' title='bbox 259 1875 466 1922; x_wconf 81' lang='lat' dir='ltr'><strong>censendis</strong></span> <span class='ocrx_word' id='word_1_306' title='bbox 485 1875 863 1959; x_wconf 79' lang='lat' dir='ltr'><strong>confirmandisque</strong></span> <span class='ocrx_word' id='word_1_307' title='bbox 884 1877 927 1923; x_wconf 91' lang='lat' dir='ltr'><strong>su</strong></span> <span class='ocrx_word' id='word_1_308' title='bbox 961 1882 1065 1924; x_wconf 84' lang='lat' dir='ltr'><strong>erius</strong></span> <span class='ocrx_word' id='word_1_309' title='bbox 1087 1877 1258 1942; x_wconf 85' lang='lat' dir='ltr'><strong>digreffa</strong></span> <span class='ocrx_word' id='word_1_310' title='bbox 1270 1880 1406 1923; x_wconf 89' lang='lat' dir='ltr'><strong>oratio</strong></span> <span class='ocrx_word' id='word_1_311' title='bbox 1432 1876 1488 1922; x_wconf 89' lang='lat' dir='ltr'><strong>est</strong></span> <span class='ocrx_word' id='word_1_312' title='bbox 1500 1912 1510 1923; x_wconf 94' lang='lat'>.</span> <span class='ocrx_word' id='word_1_313' title='bbox 1532 1880 1718 1923; x_wconf 83' lang='lat' dir='ltr'><strong>Primum</strong></span> <span class='ocrx_word' id='word_1_314' title='bbox 1730 1882 1892 1924; x_wconf 88' lang='lat' dir='ltr'><strong>entium</strong></span> 
     </span>
     <span class='ocr_line' id='line_1_26' title="bbox 257 1939 1891 2008; baseline 0.001 -21"><span class='ocrx_word' id='word_1_315' title='bbox 257 1944 506 2008; x_wconf 86' lang='lat' dir='ltr'><strong>principium</strong></span> <span class='ocrx_word' id='word_1_316' title='bbox 527 1939 605 1989; x_wconf 84' lang='lat' dir='ltr'><strong>effe</strong></span> <span class='ocrx_word' id='word_1_317' title='bbox 625 1947 806 1988; x_wconf 84' lang='lat' dir='ltr'><strong>maxime</strong></span> <span class='ocrx_word' id='word_1_318' title='bbox 825 1941 1053 2006; x_wconf 65' lang='lat' dir='ltr'><strong>intel&#39;igens</strong></span> <span class='ocrx_word' id='word_1_319' title='bbox 1066 1961 1118 1988; x_wconf 88' lang='lat' dir='ltr'><strong>eo</strong></span> <span class='ocrx_word' id='word_1_320' title='bbox 1139 1957 1388 2007; x_wconf 85' lang='lat' dir='ltr'><strong>argumento</strong></span> <span class='ocrx_word' id='word_1_321' title='bbox 1410 1942 1570 1988; x_wconf 81' lang='lat' dir='ltr'><strong>constat</strong></span> <span class='ocrx_word' id='word_1_322' title='bbox 1582 1978 1592 1988; x_wconf 93' lang='lat'>.</span> <span class='ocrx_word' id='word_1_323' title='bbox 1610 1945 1728 1988; x_wconf 87' lang='lat' dir='ltr'><strong>Nam</strong></span> <span class='ocrx_word' id='word_1_324' title='bbox 1740 1959 1891 2007; x_wconf 85' lang='lat' dir='ltr'><strong>quem-</strong></span> 
     </span>
     <span class='ocr_line' id='line_1_27' title="bbox 257 2004 1892 2072; baseline 0.002 -20"><span class='ocrx_word' id='word_1_325' title='bbox 257 2005 493 2054; x_wconf 84' lang='lat' dir='ltr'><strong>admodum</strong></span> <span class='ocrx_word' id='word_1_326' title='bbox 504 2006 611 2054; x_wconf 79' lang='lat' dir='ltr'><strong>forn·</strong></span> <span class='ocrx_word' id='word_1_327' title='bbox 661 2004 823 2055; x_wconf 61' lang='lat' dir='ltr'><strong>aerusve</strong></span> <span class='ocrx_word' id='word_1_328' title='bbox 835 2011 1067 2054; x_wconf 62' lang='lat' dir='ltr'><strong>contractio</strong></span> <span class='ocrx_word' id='word_1_329' title='bbox 1079 2043 1093 2064; x_wconf 87' lang='lat'><strong>,</strong></span> <span class='ocrx_word' id='word_1_330' title='bbox 1103 2004 1380 2071; x_wconf 68' lang='lat' dir='ltr'><strong>definitioque</strong></span> <span class='ocrx_word' id='word_1_331' title='bbox 1401 2023 1472 2072; x_wconf 87' lang='lat' dir='ltr'><strong>per</strong></span> <span class='ocrx_word' id='word_1_332' title='bbox 1493 2010 1728 2064; x_wconf 81' lang='lat' dir='ltr'><strong>materiam,</strong></span> <span class='ocrx_word' id='word_1_333' title='bbox 1744 2005 1892 2055; x_wconf 83' lang='lat' dir='ltr'><strong>intelli-</strong></span> 
     </span>
     <span class='ocr_line' id='line_1_28' title="bbox 256 2070 1889 2139; baseline 0 -21"><span class='ocrx_word' id='word_1_334' title='bbox 256 2075 439 2136; x_wconf 83' lang='lat' dir='ltr'><strong>gentiam</strong></span> <span class='ocrx_word' id='word_1_335' title='bbox 461 2077 657 2119; x_wconf 88' lang='lat' dir='ltr'><strong>omnium</strong></span> <span class='ocrx_word' id='word_1_336' title='bbox 677 2073 855 2139; x_wconf 87' lang='lat' dir='ltr'><strong>impedit</strong></span> <span class='ocrx_word' id='word_1_337' title='bbox 873 2097 885 2129; x_wconf 76' lang='lat'>3</span> <span class='ocrx_word' id='word_1_338' title='bbox 907 2070 961 2118; x_wconf 81' lang='lat' dir='ltr'><strong>fic</strong></span> <span class='ocrx_word' id='word_1_339' title='bbox 979 2087 1147 2119; x_wconf 86' lang='lat' dir='ltr'><strong>econtra</strong></span> <span class='ocrx_word' id='word_1_340' title='bbox 1177 2072 1398 2119; x_wconf 69' lang='lat' dir='ltr'><strong>abstrastio</strong></span> <span class='ocrx_word' id='word_1_341' title='bbox 1422 2070 1446 2118; x_wconf 72' lang='lat' dir='ltr'><strong>a</strong></span> <span class='ocrx_word' id='word_1_342' title='bbox 1468 2076 1638 2119; x_wconf 84' lang='lat' dir='ltr'><strong>materia</strong></span> <span class='ocrx_word' id='word_1_343' title='bbox 1658 2070 1889 2138; x_wconf 86' lang='lat' dir='ltr'><strong>intelligen-</strong></span> 
     </span>
     <span class='ocr_line' id='line_1_29' title="bbox 256 2134 1890 2203; baseline 0.001 -20"><span class='ocrx_word' id='word_1_344' title='bbox 256 2140 359 2184; x_wconf 85' lang='lat' dir='ltr'><strong>tiam</strong></span> <span class='ocrx_word' id='word_1_345' title='bbox 379 2153 519 2184; x_wconf 83' lang='lat' dir='ltr'><strong>terum</strong></span> <span class='ocrx_word' id='word_1_346' title='bbox 539 2154 681 2184; x_wconf 87' lang='lat' dir='ltr'><strong>earum</strong></span> <span class='ocrx_word' id='word_1_347' title='bbox 703 2137 861 2202; x_wconf 87' lang='lat' dir='ltr'><strong>profert</strong></span> <span class='ocrx_word' id='word_1_348' title='bbox 881 2155 929 2184; x_wconf 90' lang='lat' dir='ltr'><strong>ac</strong></span> <span class='ocrx_word' id='word_1_349' title='bbox 949 2152 1199 2203; x_wconf 69' lang='lat' dir='ltr'><strong>promoueri</strong></span> <span class='ocrx_word' id='word_1_350' title='bbox 1213 2151 1465 2203; x_wconf 86' lang='lat' dir='ltr'><strong>quapropter</strong></span> <span class='ocrx_word' id='word_1_351' title='bbox 1486 2142 1546 2185; x_wconf 86' lang='lat' dir='ltr'><strong>vis</strong></span> <span class='ocrx_word' id='word_1_352' title='bbox 1572 2134 1758 2184; x_wconf 78' lang='lat' dir='ltr'><strong>stnfitiua</strong></span> <span class='ocrx_word' id='word_1_353' title='bbox 1812 2154 1890 2184; x_wconf 89' lang='lat' dir='ltr'><strong>uo·</strong></span> 
     </span>
     <span class='ocr_line' id='line_1_30' title="bbox 255 2203 1890 2269; baseline 0.001 -21"><span class='ocrx_word' id='word_1_354' title='bbox 255 2205 369 2249; x_wconf 85' lang='lat' dir='ltr'><strong>niam</strong></span> <span class='ocrx_word' id='word_1_355' title='bbox 381 2206 607 2250; x_wconf 64' lang='lat' dir='ltr'><strong>coniundh</strong></span> <span class='ocrx_word' id='word_1_356' title='bbox 623 2207 801 2250; x_wconf 87' lang='lat' dir='ltr'><strong>materiae</strong></span> <span class='ocrx_word' id='word_1_357' title='bbox 823 2203 1093 2268; x_wconf 83' lang='lat' dir='ltr'><strong>est‚atquein</strong></span> <span class='ocrx_word' id='word_1_358' title='bbox 1112 2203 1175 2250; x_wconf 88' lang='lat' dir='ltr'><strong>sui</strong></span> <span class='ocrx_word' id='word_1_359' title='bbox 1193 2206 1360 2250; x_wconf 68' lang='lat' dir='ltr'><strong>afflone</strong></span> <span class='ocrx_word' id='word_1_360' title='bbox 1370 2206 1498 2250; x_wconf 77' lang='lat' dir='ltr'><strong>vritur</strong></span> <span class='ocrx_word' id='word_1_361' title='bbox 1516 2220 1722 2269; x_wconf 86' lang='lat' dir='ltr'><strong>corporeo</strong></span> <span class='ocrx_word' id='word_1_362' title='bbox 1744 2207 1784 2248; x_wconf 88' lang='lat' dir='ltr'><strong>in</strong></span> <span class='ocrx_word' id='word_1_363' title='bbox 1822 2221 1890 2250; x_wconf 86' lang='lat' dir='ltr'><strong>ru-</strong></span> 
     </span>
     <span class='ocr_line' id='line_1_31' title="bbox 257 2266 1889 2335; baseline 0.001 -22"><span class='ocrx_word' id='word_1_364' title='bbox 257 2282 403 2315; x_wconf 85' lang='lat' dir='ltr'><strong>mento</strong></span> <span class='ocrx_word' id='word_1_365' title='bbox 413 2304 427 2326; x_wconf 81' lang='lat'>‚</span> <span class='ocrx_word' id='word_1_366' title='bbox 439 2276 703 2335; x_wconf 75' lang='lat' dir='ltr'><strong>nequaquam</strong></span> <span class='ocrx_word' id='word_1_367' title='bbox 713 2266 986 2333; x_wconf 85' lang='lat' dir='ltr'><strong>intelligentiae</strong></span> <span class='ocrx_word' id='word_1_368' title='bbox 997 2269 1055 2314; x_wconf 89' lang='lat' dir='ltr'><strong>est</strong></span> <span class='ocrx_word' id='word_1_369' title='bbox 1065 2286 1113 2315; x_wconf 90' lang='lat' dir='ltr'><strong>ca</strong></span> <span class='ocrx_word' id='word_1_370' title='bbox 1141 2286 1191 2315; x_wconf 89' lang='lat' dir='ltr'><strong>ax</strong></span> <span class='ocrx_word' id='word_1_371' title='bbox 1203 2305 1211 2315; x_wconf 95' lang='lat'>.</span> <span class='ocrx_word' id='word_1_372' title='bbox 1223 2273 1382 2315; x_wconf 81' lang='lat' dir='ltr'><strong>Formae</strong></span> <span class='ocrx_word' id='word_1_373' title='bbox 1392 2271 1518 2322; x_wconf 80' lang='lat' dir='ltr'><strong>etiam</strong></span> <span class='ocrx_word' id='word_1_374' title='bbox 1528 2266 1754 2315; x_wconf 79' lang='lat' dir='ltr'><strong>materiales</strong></span> <span class='ocrx_word' id='word_1_375' title='bbox 1765 2304 1778 2325; x_wconf 90' lang='lat'>,</span> <span class='ocrx_word' id='word_1_376' title='bbox 1790 2273 1889 2334; x_wconf 88' lang='lat' dir='ltr'><strong>quia</strong></span> 
     </span>
     <span class='ocr_line' id='line_1_32' title="bbox 257 2286 1889 2399; baseline 0.001 -21"><span class='ocrx_word' id='word_1_377' title='bbox 257 2331 401 2379; x_wconf 86' lang='lat' dir='ltr'><strong>suntin</strong></span> <span class='ocrx_word' id='word_1_378' title='bbox 413 2339 584 2380; x_wconf 83' lang='lat' dir='ltr'><strong>materia</strong></span> <span class='ocrx_word' id='word_1_379' title='bbox 593 2370 607 2391; x_wconf 92' lang='lat'>,</span> <span class='ocrx_word' id='word_1_380' title='bbox 623 2352 712 2382; x_wconf 87' lang='lat' dir='ltr'><strong>non</strong></span> <span class='ocrx_word' id='word_1_381' title='bbox 723 2332 816 2380; x_wconf 87' lang='lat' dir='ltr'><strong>suut</strong></span> <span class='ocrx_word' id='word_1_382' title='bbox 833 2337 927 2380; x_wconf 76' lang='lat' dir='ltr'><strong>aCtu</strong></span> <span class='ocrx_word' id='word_1_383' title='bbox 939 2286 1215 2399; x_wconf 66' lang='lat' dir='ltr'><strong>intelligiEiles</strong></span> <span class='ocrx_word' id='word_1_384' title='bbox 1227 2370 1237 2381; x_wconf 94' lang='lat'>.</span> <span class='ocrx_word' id='word_1_385' title='bbox 1252 2332 1486 2380; x_wconf 66' lang='lat' dir='ltr'><strong>Intellectus</strong></span> <span class='ocrx_word' id='word_1_386' title='bbox 1509 2330 1608 2379; x_wconf 76' lang='lat' dir='ltr'><strong>vero</strong></span> <span class='ocrx_word' id='word_1_387' title='bbox 1621 2330 1672 2378; x_wconf 72' lang='lat' dir='ltr'><strong>eo</strong></span> <span class='ocrx_word' id='word_1_388' title='bbox 1685 2330 1802 2398; x_wconf 68' lang='lat' dir='ltr'><strong>quod</strong></span> <span class='ocrx_word' id='word_1_389' title='bbox 1814 2333 1889 2380; x_wconf 86' lang='lat' dir='ltr'><strong>ab·</strong></span> 
     </span>
     <span class='ocr_line' id='line_1_33' title="bbox 257 2394 1888 2465; baseline 0 -21"><span class='ocrx_word' id='word_1_390' title='bbox 257 2396 425 2445; x_wconf 61' lang='lat' dir='ltr'><strong>straikus</strong></span> <span class='ocrx_word' id='word_1_391' title='bbox 437 2399 495 2446; x_wconf 87' lang='lat' dir='ltr'><strong>est</strong></span> <span class='ocrx_word' id='word_1_392' title='bbox 505 2395 529 2446; x_wconf 71' lang='lat' dir='ltr'><strong>a</strong></span> <span class='ocrx_word' id='word_1_393' title='bbox 539 2404 708 2446; x_wconf 88' lang='lat' dir='ltr'><strong>materia</strong></span> <span class='ocrx_word' id='word_1_394' title='bbox 718 2397 909 2464; x_wconf 83' lang='lat' dir='ltr'><strong>intelligit</strong></span> <span class='ocrx_word' id='word_1_395' title='bbox 919 2418 930 2445; x_wconf 74' lang='grc' dir='ltr'>ι</span> <span class='ocrx_word' id='word_1_396' title='bbox 940 2396 1089 2447; x_wconf 82' lang='lat' dir='ltr'><strong>formae</strong></span> <span class='ocrx_word' id='word_1_397' title='bbox 1111 2416 1199 2465; x_wconf 92' lang='lat' dir='ltr'><strong>quo</strong></span> <span class='ocrx_word' id='word_1_398' title='bbox 1234 2416 1285 2446; x_wconf 92' lang='lat' dir='ltr'><strong>ue</strong></span> <span class='ocrx_word' id='word_1_399' title='bbox 1304 2395 1530 2446; x_wconf 83' lang='lat' dir='ltr'><strong>materiales</strong></span> <span class='ocrx_word' id='word_1_400' title='bbox 1542 2433 1554 2456; x_wconf 89' lang='lat'>‚</span> <span class='ocrx_word' id='word_1_401' title='bbox 1567 2394 1666 2444; x_wconf 71' lang='lat' dir='ltr'><strong>etim</strong></span> <span class='ocrx_word' id='word_1_402' title='bbox 1676 2403 1718 2444; x_wconf 78' lang='lat' dir='ltr'><strong>vi</strong></span> <span class='ocrx_word' id='word_1_403' title='bbox 1728 2397 1888 2445; x_wconf 91' lang='lat' dir='ltr'><strong>intelle-</strong></span> 
     </span>
    </p>

    <p class='ocr_par' dir='ltr' id='par_1_6' title="bbox 178 2416 1889 3054">
     <span class='ocr_line' id='line_1_34' title="bbox 178 2416 1887 2528; baseline 0 -18"><span class='ocrx_word' id='word_1_404' title='bbox 178 2477 225 2521; x_wconf 86' lang='lat'><strong>1)</strong></span> <span class='ocrx_word' id='word_1_405' title='bbox 257 2466 347 2510; x_wconf 71' lang='lat' dir='ltr'><strong>&amp;us</strong></span> <span class='ocrx_word' id='word_1_406' title='bbox 369 2468 523 2528; x_wconf 86' lang='lat' dir='ltr'><strong>agentis</strong></span> <span class='ocrx_word' id='word_1_407' title='bbox 535 2465 742 2511; x_wconf 63' lang='lat' dir='ltr'><strong>abstracta:</strong></span> <span class='ocrx_word' id='word_1_408' title='bbox 760 2463 933 2522; x_wconf 80' lang='lat' dir='ltr'><strong>fuerint,</strong></span> <span class='ocrx_word' id='word_1_409' title='bbox 945 2464 1090 2519; x_wconf 77' lang='lat' dir='ltr'><strong>eadem</strong></span> <span class='ocrx_word' id='word_1_410' title='bbox 1101 2470 1144 2511; x_wconf 89' lang='lat' dir='ltr'><strong>vi</strong></span> <span class='ocrx_word' id='word_1_411' title='bbox 1164 2416 1396 2511; x_wconf 51' lang='lat' dir='ltr'><strong>efficiuntur</strong></span> <span class='ocrx_word' id='word_1_412' title='bbox 1408 2466 1502 2510; x_wconf 62' lang='lat' dir='ltr'><strong>adlu</strong></span> <span class='ocrx_word' id='word_1_413' title='bbox 1514 2461 1786 2528; x_wconf 82' lang='lat' dir='ltr'><strong>intelligibiles</strong></span> <span class='ocrx_word' id='word_1_414' title='bbox 1800 2498 1810 2510; x_wconf 88' lang='lat'><strong>.</strong></span> <span class='ocrx_word' id='word_1_415' title='bbox 1826 2466 1887 2511; x_wconf 82' lang='lat' dir='ltr'><strong>At</strong></span> 
     </span>
     <span class='ocr_line' id='line_1_35' title="bbox 257 2524 1889 2596; baseline 0.001 -21"><span class='ocrx_word' id='word_1_416' title='bbox 257 2526 487 2576; x_wconf 62' lang='lat' dir='ltr'><strong>intelleRus</strong></span> <span class='ocrx_word' id='word_1_417' title='bbox 499 2529 689 2595; x_wconf 85' lang='lat' dir='ltr'><strong>intelligit</strong></span> <span class='ocrx_word' id='word_1_418' title='bbox 701 2525 837 2596; x_wconf 86' lang='lat' dir='ltr'><strong>suapte</strong></span> <span class='ocrx_word' id='word_1_419' title='bbox 849 2534 913 2576; x_wconf 81' lang='lat' dir='ltr'><strong>vi:</strong></span> <span class='ocrx_word' id='word_1_420' title='bbox 928 2546 1089 2595; x_wconf 89' lang='lat' dir='ltr'><strong>quanto</strong></span> <span class='ocrx_word' id='word_1_421' title='bbox 1102 2546 1203 2594; x_wconf 83' lang='lat' dir='ltr'><strong>ergo</strong></span> <span class='ocrx_word' id='word_1_422' title='bbox 1215 2527 1432 2595; x_wconf 86' lang='lat' dir='ltr'><strong>quidpiam</strong></span> <span class='ocrx_word' id='word_1_423' title='bbox 1445 2533 1574 2593; x_wconf 84' lang='lat' dir='ltr'><strong>magis</strong></span> <span class='ocrx_word' id='word_1_424' title='bbox 1586 2526 1706 2575; x_wconf 88' lang='lat' dir='ltr'><strong>fuerit</strong></span> <span class='ocrx_word' id='word_1_425' title='bbox 1717 2524 1742 2574; x_wconf 68' lang='lat' dir='ltr'><strong>a</strong></span> <span class='ocrx_word' id='word_1_426' title='bbox 1756 2544 1889 2576; x_wconf 76' lang='lat' dir='ltr'><strong>mate-</strong></span> 
     </span>
     <span class='ocr_line' id='line_1_36' title="bbox 257 2591 1885 2676; baseline 0 -36"><span class='ocrx_word' id='word_1_427' title='bbox 257 2598 317 2640; x_wconf 86' lang='lat' dir='ltr'><strong>ria</strong></span> <span class='ocrx_word' id='word_1_428' title='bbox 327 2595 575 2642; x_wconf 64' lang='lat' dir='ltr'><strong>abstrafflim</strong></span> <span class='ocrx_word' id='word_1_429' title='bbox 585 2622 597 2649; x_wconf 56' lang='grc' dir='ltr'><strong>ς</strong></span> <span class='ocrx_word' id='word_1_430' title='bbox 607 2610 725 2642; x_wconf 87' lang='lat' dir='ltr'><strong>tanto</strong></span> <span class='ocrx_word' id='word_1_431' title='bbox 737 2600 862 2642; x_wconf 86' lang='lat' dir='ltr'><strong>etiam</strong></span> <span class='ocrx_word' id='word_1_432' title='bbox 883 2599 1013 2676; x_wconf 58' lang='lat' dir='ltr'><strong>magis</strong></span> <span class='ocrx_word' id='word_1_433' title='bbox 1027 2592 1258 2642; x_wconf 70' lang='lat' dir='ltr'><strong>intellestus</strong></span> <span class='ocrx_word' id='word_1_434' title='bbox 1280 2591 1647 2658; x_wconf 66' lang='lat' dir='ltr'><strong>intelleetionisque</strong></span> <span class='ocrx_word' id='word_1_435' title='bbox 1660 2596 1736 2640; x_wconf 88' lang='lat' dir='ltr'><strong>erit</strong></span> <span class='ocrx_word' id='word_1_436' title='bbox 1745 2610 1885 2659; x_wconf 80' lang='lat' dir='ltr'><strong>capax.</strong></span> 
     </span>
     <span class='ocr_line' id='line_1_37' title="bbox 257 2658 1885 2727; baseline 0 -22"><span class='ocrx_word' id='word_1_437' title='bbox 257 2659 338 2706; x_wconf 87' lang='lat' dir='ltr'><strong>Sed</strong></span> <span class='ocrx_word' id='word_1_438' title='bbox 348 2665 533 2725; x_wconf 86' lang='lat' dir='ltr'><strong>primum</strong></span> <span class='ocrx_word' id='word_1_439' title='bbox 543 2664 789 2727; x_wconf 86' lang='lat' dir='ltr'><strong>principium</strong></span> <span class='ocrx_word' id='word_1_440' title='bbox 803 2665 984 2707; x_wconf 78' lang='lat' dir='ltr'><strong>maxime</strong></span> <span class='ocrx_word' id='word_1_441' title='bbox 1005 2664 1201 2708; x_wconf 87' lang='lat' dir='ltr'><strong>omnium</strong></span> <span class='ocrx_word' id='word_1_442' title='bbox 1213 2660 1272 2706; x_wconf 91' lang='lat' dir='ltr'><strong>est</strong></span> <span class='ocrx_word' id='word_1_443' title='bbox 1289 2658 1538 2706; x_wconf 65' lang='lat' dir='ltr'><strong>abstraCkum</strong></span> <span class='ocrx_word' id='word_1_444' title='bbox 1550 2682 1562 2714; x_wconf 55' lang='grc' dir='ltr'>ς</span> <span class='ocrx_word' id='word_1_445' title='bbox 1574 2663 1610 2704; x_wconf 91' lang='lat' dir='ltr'><strong>ei</strong></span> <span class='ocrx_word' id='word_1_446' title='bbox 1632 2675 1732 2723; x_wconf 89' lang='lat' dir='ltr'><strong>ergo</strong></span> <span class='ocrx_word' id='word_1_447' title='bbox 1755 2664 1885 2705; x_wconf 86' lang='lat' dir='ltr'><strong>maxi-</strong></span> 
     </span>
     <span class='ocr_line' id='line_1_38' title="bbox 258 2722 1885 2791; baseline 0 -21"><span class='ocrx_word' id='word_1_448' title='bbox 258 2723 327 2771; x_wconf 69' lang='lat' dir='ltr'><strong>me</strong></span> <span class='ocrx_word' id='word_1_449' title='bbox 337 2728 533 2771; x_wconf 86' lang='lat' dir='ltr'><strong>omnium</strong></span> <span class='ocrx_word' id='word_1_450' title='bbox 547 2729 745 2772; x_wconf 87' lang='lat' dir='ltr'><strong>conuenit</strong></span> <span class='ocrx_word' id='word_1_451' title='bbox 757 2726 833 2772; x_wconf 80' lang='lat' dir='ltr'><strong>effe</strong></span> <span class='ocrx_word' id='word_1_452' title='bbox 843 2724 1129 2791; x_wconf 72' lang='lat' dir='ltr'><strong>intelligEsAEst</strong></span> <span class='ocrx_word' id='word_1_453' title='bbox 1140 2740 1331 2791; x_wconf 83' lang='lat' dir='ltr'><strong>praeterea</strong></span> <span class='ocrx_word' id='word_1_454' title='bbox 1343 2722 1525 2770; x_wconf 71' lang='lat' dir='ltr'><strong>maxime</strong></span> <span class='ocrx_word' id='word_1_455' title='bbox 1535 2724 1754 2788; x_wconf 67' lang='lat' dir='ltr'><strong>potensmi</strong></span> <span class='ocrx_word' id='word_1_456' title='bbox 1763 2740 1885 2788; x_wconf 88' lang='lat' dir='ltr'><strong>agere</strong></span> 
     </span>
     <span class='ocr_line' id='line_1_39' title="bbox 259 2789 1882 2871; baseline -0.001 -35"><span class='ocrx_word' id='word_1_457' title='bbox 259 2791 427 2857; x_wconf 75' lang='lat' dir='ltr'><strong>proprisi</strong></span> <span class='ocrx_word' id='word_1_458' title='bbox 441 2791 495 2837; x_wconf 89' lang='lat' dir='ltr'><strong>est</strong></span> <span class='ocrx_word' id='word_1_459' title='bbox 503 2793 679 2847; x_wconf 52' lang='grc' dir='ltr'><strong>κάλυψε</strong></span> <span class='ocrx_word' id='word_1_460' title='bbox 691 2791 1026 2856; x_wconf 60' lang='lat' dir='ltr'><strong>*unumquodque</strong></span> <span class='ocrx_word' id='word_1_461' title='bbox 1035 2794 1338 2871; x_wconf 80' lang='lat' dir='ltr'><strong>agit‚quatenus</strong></span> <span class='ocrx_word' id='word_1_462' title='bbox 1352 2793 1394 2835; x_wconf 89' lang='lat' dir='ltr'><strong>in</strong></span> <span class='ocrx_word' id='word_1_463' title='bbox 1404 2791 1502 2836; x_wconf 80' lang='lat' dir='ltr'><strong>aCtu</strong></span> <span class='ocrx_word' id='word_1_464' title='bbox 1514 2789 1582 2834; x_wconf 89' lang='lat' dir='ltr'><strong>est:</strong></span> <span class='ocrx_word' id='word_1_465' title='bbox 1585 2806 1640 2854; x_wconf 83' lang='lat' dir='ltr'><strong>po</strong></span> <span class='ocrx_word' id='word_1_466' title='bbox 1646 2792 1772 2835; x_wconf 81' lang='lat' dir='ltr'><strong>tentia</strong></span> <span class='ocrx_word' id='word_1_467' title='bbox 1782 2806 1882 2854; x_wconf 85' lang='lat' dir='ltr'><strong>ergo</strong></span> 
     </span>
     <span class='ocr_line' id='line_1_40' title="bbox 260 2852 1882 2921; baseline -0.002 -19"><span class='ocrx_word' id='word_1_468' title='bbox 260 2855 379 2920; x_wconf 67' lang='lat' dir='ltr'><strong>agedi</strong></span> <span class='ocrx_word' id='word_1_469' title='bbox 389 2857 555 2903; x_wconf 72' lang='lat' dir='ltr'><strong>conenit</strong></span> <span class='ocrx_word' id='word_1_470' title='bbox 567 2855 793 2903; x_wconf 64' lang='lat' dir='ltr'><strong>astuijllud</strong></span> <span class='ocrx_word' id='word_1_471' title='bbox 805 2874 905 2920; x_wconf 85' lang='lat' dir='ltr'><strong>ergo</strong></span> <span class='ocrx_word' id='word_1_472' title='bbox 919 2857 977 2903; x_wconf 86' lang='lat' dir='ltr'><strong>est</strong></span> <span class='ocrx_word' id='word_1_473' title='bbox 987 2861 1167 2903; x_wconf 74' lang='lat' dir='ltr'><strong>maxime</strong></span> <span class='ocrx_word' id='word_1_474' title='bbox 1187 2871 1334 2921; x_wconf 85' lang='lat' dir='ltr'><strong>potens</strong></span> <span class='ocrx_word' id='word_1_475' title='bbox 1344 2854 1488 2920; x_wconf 74' lang='lat' dir='ltr'><strong>agEdi,</strong></span> <span class='ocrx_word' id='word_1_476' title='bbox 1500 2853 1621 2919; x_wconf 89' lang='lat' dir='ltr'><strong>quod</strong></span> <span class='ocrx_word' id='word_1_477' title='bbox 1632 2852 1812 2900; x_wconf 69' lang='lat' dir='ltr'><strong>maxime</strong></span> <span class='ocrx_word' id='word_1_478' title='bbox 1822 2853 1882 2900; x_wconf 89' lang='lat' dir='ltr'><strong>est</strong></span> 
     </span>
     <span class='ocr_line' id='line_1_41' title="bbox 259 2919 1884 2989; baseline -0.001 -21"><span class='ocrx_word' id='word_1_479' title='bbox 259 2925 303 2968; x_wconf 87' lang='lat' dir='ltr'><strong>in</strong></span> <span class='ocrx_word' id='word_1_480' title='bbox 313 2923 407 2967; x_wconf 64' lang='lat' dir='ltr'><strong>adiu</strong></span> <span class='ocrx_word' id='word_1_481' title='bbox 421 2957 431 2967; x_wconf 93' lang='lat'>.</span> <span class='ocrx_word' id='word_1_482' title='bbox 444 2922 523 2967; x_wconf 90' lang='lat' dir='ltr'><strong>Sed</strong></span> <span class='ocrx_word' id='word_1_483' title='bbox 534 2923 672 2989; x_wconf 68' lang='lat' dir='ltr'><strong>primii</strong></span> <span class='ocrx_word' id='word_1_484' title='bbox 711 2922 883 2989; x_wconf 77' lang='lat' dir='ltr'><strong>iincipit‘i</strong></span> <span class='ocrx_word' id='word_1_485' title='bbox 893 2922 1009 2968; x_wconf 75' lang='lat' dir='ltr'><strong>entifi</strong></span> <span class='ocrx_word' id='word_1_486' title='bbox 1019 2939 1100 2988; x_wconf 84' lang='lat' dir='ltr'><strong>prae</strong></span> <span class='ocrx_word' id='word_1_487' title='bbox 1110 2920 1309 2967; x_wconf 84' lang='lat' dir='ltr'><strong>omnibus</strong></span> <span class='ocrx_word' id='word_1_488' title='bbox 1321 2920 1376 2967; x_wconf 88' lang='lat' dir='ltr'><strong>est</strong></span> <span class='ocrx_word' id='word_1_489' title='bbox 1387 2927 1430 2966; x_wconf 87' lang='lat' dir='ltr'><strong>in</strong></span> <span class='ocrx_word' id='word_1_490' title='bbox 1440 2922 1550 2974; x_wconf 71' lang='lat' dir='ltr'><strong>astu,</strong></span> <span class='ocrx_word' id='word_1_491' title='bbox 1566 2923 1662 2984; x_wconf 85' lang='lat' dir='ltr'><strong>quia</strong></span> <span class='ocrx_word' id='word_1_492' title='bbox 1672 2923 1810 2985; x_wconf 84' lang='lat' dir='ltr'><strong>potius</strong></span> <span class='ocrx_word' id='word_1_493' title='bbox 1824 2919 1884 2966; x_wconf 86' lang='lat' dir='ltr'><strong>est</strong></span> 
     </span>
     <span class='ocr_line' id='line_1_42' title="bbox 259 2938 1882 3054; baseline -0.001 -22"><span class='ocrx_word' id='word_1_494' title='bbox 259 2982 489 3053; x_wconf 86' lang='lat' dir='ltr'><strong>puriffimus</strong></span> <span class='ocrx_word' id='word_1_495' title='bbox 500 2990 615 3034; x_wconf 62' lang='lat' dir='ltr'><strong>aetus</strong></span> <span class='ocrx_word' id='word_1_496' title='bbox 627 2938 775 3034; x_wconf 68' lang='lat' dir='ltr'><strong>nullius</strong></span> <span class='ocrx_word' id='word_1_497' title='bbox 785 2987 947 3054; x_wconf 83' lang='lat' dir='ltr'><strong>prorsus</strong></span> <span class='ocrx_word' id='word_1_498' title='bbox 959 2986 1215 3034; x_wconf 84' lang='lat' dir='ltr'><strong>admixtione</strong></span> <span class='ocrx_word' id='word_1_499' title='bbox 1227 2987 1392 3053; x_wconf 70' lang='lat' dir='ltr'><strong>potetiae</strong></span> <span class='ocrx_word' id='word_1_500' title='bbox 1412 2982 1732 3049; x_wconf 68' lang='lat' dir='ltr'><strong>infestungitur</strong></span> <span class='ocrx_word' id='word_1_501' title='bbox 1772 2984 1882 3031; x_wconf 76' lang='lat' dir='ltr'><strong>rimfi</strong></span> 
     </span>
    </p>

    <p class='ocr_par' dir='ltr' id='par_1_7' title="bbox 259 3048 1884 3227">
     <span class='ocr_line' id='line_1_43' title="bbox 261 3048 1884 3120; baseline -0.001 -22"><span class='ocrx_word' id='word_1_502' title='bbox 261 3052 461 3118; x_wconf 75' lang='lat' dir='ltr'><strong>principifi</strong></span> <span class='ocrx_word' id='word_1_503' title='bbox 471 3051 527 3099; x_wconf 88' lang='lat' dir='ltr'><strong>est</strong></span> <span class='ocrx_word' id='word_1_504' title='bbox 538 3051 715 3100; x_wconf 69' lang='lat' dir='ltr'><strong>maxime</strong></span> <span class='ocrx_word' id='word_1_505' title='bbox 726 3055 841 3119; x_wconf 70' lang='lat' dir='ltr'><strong>potes</strong></span> <span class='ocrx_word' id='word_1_506' title='bbox 853 3050 1167 3120; x_wconf 73' lang='lat' dir='ltr'><strong>agendi5paffiua</strong></span> <span class='ocrx_word' id='word_1_507' title='bbox 1173 3048 1272 3100; x_wconf 67' lang='lat' dir='ltr'><strong>verri</strong></span> <span class='ocrx_word' id='word_1_508' title='bbox 1284 3054 1472 3117; x_wconf 83' lang='lat' dir='ltr'><strong>potentia</strong></span> <span class='ocrx_word' id='word_1_509' title='bbox 1482 3050 1536 3097; x_wconf 79' lang='grc' dir='ltr'><strong>εὖ</strong></span> <span class='ocrx_word' id='word_1_510' title='bbox 1546 3050 1666 3096; x_wconf 88' lang='lat' dir='ltr'><strong>adim</strong></span> <span class='ocrx_word' id='word_1_511' title='bbox 1696 3066 1740 3096; x_wconf 90' lang='lat' dir='ltr'><strong>er</strong></span> <span class='ocrx_word' id='word_1_512' title='bbox 1758 3053 1884 3096; x_wconf 66' lang='lat' dir='ltr'><strong>estio-</strong></span> 
     </span>
     <span class='ocr_line' id='line_1_44' title="bbox 259 3112 1882 3227; baseline -0.002 -61"><span class='ocrx_word' id='word_1_513' title='bbox 259 3131 357 3167; x_wconf 80' lang='lat' dir='ltr'><strong>nem</strong></span> <span class='ocrx_word' id='word_1_514' title='bbox 367 3122 622 3186; x_wconf 84' lang='lat' dir='ltr'><strong>pertineat‚&amp;</strong></span> <span class='ocrx_word' id='word_1_515' title='bbox 635 3119 689 3168; x_wconf 89' lang='lat' dir='ltr'><strong>ad</strong></span> <span class='ocrx_word' id='word_1_516' title='bbox 698 3117 967 3169; x_wconf 70' lang='lat' dir='ltr'><strong>inchoatione</strong></span> <span class='ocrx_word' id='word_1_517' title='bbox 987 3118 1155 3187; x_wconf 71' lang='lat' dir='ltr'><strong>quanda</strong></span> <span class='ocrx_word' id='word_1_518' title='bbox 1163 3114 1443 3185; x_wconf 68' lang='lat' dir='ltr'><strong>perfeetionis,</strong></span> <span class='ocrx_word' id='word_1_519' title='bbox 1454 3119 1632 3164; x_wconf 86' lang='lat' dir='ltr'><strong>omnino</strong></span> <span class='ocrx_word' id='word_1_520' title='bbox 1679 3120 1780 3227; x_wconf 51' lang='grc' dir='ltr'><strong>ξω</strong></span> <span class='ocrx_word' id='word_1_521' title='bbox 1790 3115 1847 3163; x_wconf 89' lang='lat' dir='ltr'><strong>est</strong></span> <span class='ocrx_word' id='word_1_522' title='bbox 1856 3112 1882 3162; x_wconf 74' lang='grc' dir='ltr'><strong>εἴ</strong></span> 
     </span>
    </p>
   </div>
  </div>
 </body>
</html>
