2455 3671
359 285 468 353 162
615 265 1052 339 PRIMAE
1116 261 1994 337 PHILOSOPHIAE

487 377 706 430 intelleeiae
716 388 760 429 δε
771 377 1068 429 intellestuszae
1077 393 1178 426 cum
1186 376 1527 445 vnumquodque
1535 377 1634 426 ideo
1645 376 1912 446 intelligatur,
1922 382 2137 448 quoniam
2182 373 2222 418 Ε

486 448 628 496 forma
637 451 724 495 eius
735 449 961 495 coniunsta
969 445 1030 492 est
1039 458 1139 492 cum·
1149 440 1363 492 intellectu
1374 477 1390 498 ‚
1399 460 1448 490 ac
1456 459 1591 493 vnum
1602 458 1704 494 cum
1714 461 1769 493 eo
1780 443 1932 494 effe&
1940 481 1956 503 ,
1966 444 2046 493 sibi
2056 444 2137 516 ipfi

495 529 639 562 autem
662 515 760 561 aEtu
780 514 1016 560 coniuneht
1025 547 1039 569 ,
1050 508 1254 576 idemque
1273 507 1367 556 sunt
1388 513 1538 558 animae
1556 526 1790 579 corporum
1800 510 2033 560 cuz-leffium
2044 537 2057 570 ς
2070 513 2140 564 id-

490 584 604 628 circo
615 577 670 627 sei
699 580 757 627 sas
769 596 841 647 per
851 578 967 626 suam
979 574 1190 624 effentiam
1199 573 1449 642 intelligunt.
1464 573 1650 643 Reliqua
1658 572 1774 636 vero,
1786 588 1880 645 quae
1893 581 1998 626 irem
2005 575 2032 626 a
2042 594 2138 627 maa

489 651 592 695 teria
601 646 654 693 ab
691 648 801 692 radia
810 644 904 692 sunt
913 679 927 702 ,
939 658 987 691 vt
996 639 1227 690 intellestus
1241 655 1290 689 ac
1300 641 1343 688 su
1433 658 1526 689 ores
1536 647 1694 690 anitnas
1705 679 1720 700 ,
1731 660 1780 691 ea
1799 647 1962 691 ratione
1977 643 2140 693 intelli-

491 728 598 779 gunt
608 709 1046 777 inferiores,quoniam
1055 706 1318 775 superiorum
1385 723 1555 765 rmas,vt
1565 706 1841 776 perfeffiones
1853 707 2056 777 quasdam
2068 713 2136 759 sui

493 783 536 826 in
547 775 681 844 stipfis
695 781 897 843 recipiunt
910 810 921 822 .
945 774 1248 835 Qamobrem
1256 772 1485 840 superiores
1496 791 1674 841 quoque
1683 773 1921 842 intelligunt
1930 792 2004 842 pet
2013 776 2142 826 essene

491 849 597 892 tiam
615 842 873 910 superiorum
885 878 900 897 ,
910 859 995 908 qua
1015 837 1276 888 formantur:
1288 855 1391 887 nam
1410 838 1636 906 superiores
1658 839 1810 888 formae
1830 837 1932 890 cum
1942 839 2023 890 fint
2043 846 2141 891 adiu

491 906 712 958 intellectae
734 917 778 956 δε
799 908 1068 975 perfeetiores
1088 904 1355 954 inferioribus
1365 940 1379 965 ‚
1391 909 1592 954 nimirum
1612 906 1798 954 formare
1818 905 2033 955 inferiores
2044 909 2141 975 pos²

490 975 586 1023 sunt
595 1010 609 1033 ,
621 992 669 1023 ac
680 991 734 1022 eo
746 977 872 1042 pasto
885 989 955 1041 per
965 971 1054 1020 suas
1074 976 1088 1020 i
1119 972 1261 1020 samm
1284 972 1470 1019 effentias
1482 972 1535 1019 ab
1557 976 1614 1019 eis
1627 970 1802 1039 intelligi
1813 1009 1824 1020 .
1848 976 2030 1022 Econtra
2040 972 2142 1023 vero

491 1038 669 1089 minime
677 1054 890 1088 commeat
901 1043 1069 1098 ratio,vt
1096 1035 1235 1086 cilicet
1245 1039 1472 1106 superiores
1482 1036 1714 1104 intelligant
1724 1037 2009 1096 inferiores,eo
2020 1038 2143 1107 quod
2166 1036 2199 1080 F

493 1123 637 1154 earum
650 1105 827 1154 essentiis
839 1103 1140 1152 informentur:
1153 1120 1253 1152 nam
1264 1102 1407 1151 forma
1428 1102 1608 1171 semper,
1618 1109 1720 1152 acin
1730 1121 1984 1172 quacunque
1998 1124 2042 1154 re
2052 1123 2144 1174 per-

494 1170 625 1221 feetio
638 1171 831 1240 quaedam
844 1171 903 1218 est
912 1175 973 1218 rei
983 1169 1189 1219 formarat:
1199 1169 1259 1218 fic
1269 1174 1394 1218 etiam
1410 1174 1559 1217 animae
1570 1187 1800 1237 corporum
1808 1169 2042 1220 coelestium
2054 1190 2144 1221 non

492 1237 733 1304 intelligunt
744 1237 942 1285 inferiora
951 1235 1040 1284 haec
1051 1241 1161 1284 entia
1171 1233 1458 1304 corruptibilia
1470 1271 1484 1294 ,
1495 1232 1548 1282 εὸ
1559 1234 1678 1302 quod
1690 1237 1742 1284 ab
1756 1236 1850 1304 ipsis
1860 1242 2060 1306 recipiant
2069 1243 2146 1287 irn-

492 1303 745 1372 preffionem
756 1302 1013 1370 vllssquonii
1023 1301 1184 1368 semper
1193 1319 1318 1368 agens
1337 1302 1396 1349 est
1415 1299 1600 1349 nobilius
1612 1306 1790 1369 patiente
1800 1340 1814 1362 ‚
1826 1321 1876 1351 ac
1889 1309 2020 1372 princi
2052 1309 2151 1354 ium.

492 1366 907 1437 materia,formique
918 1368 1221 1417 subiectoNec
1235 1382 1374 1416 tamen
1386 1367 1613 1416 dicendum
1624 1386 1701 1436 pto
1734 1385 1844 1417 terea
1852 1373 1911 1418 est
1922 1387 2012 1448 quo
2055 1369 2144 1418 haec

493 1435 692 1484 inferiora
702 1438 869 1501 ignorit
879 1434 1021 1502 quorii
1032 1434 1124 1482 sunt
1134 1432 1263 1482 caufit
1272 1451 1319 1480 ac
1331 1434 1626 1481 moderatrices
1645 1386 1793 1482 cosilio
1806 1437 1954 1502 quoda
1964 1454 2013 1484 ac
2023 1435 2145 1484 intel—

494 1501 764 1559 le&u,immo
775 1499 1013 1568 perfeffiori
1023 1500 1163 1546 modo
1176 1498 1426 1566 intelligunt,
1437 1497 1574 1566 eoque
1581 1497 1904 1568 perfestiiis,quo
1917 1502 2142 1570 superiores

496 1585 623 1635 atque
635 1566 914 1615 excelletiores
925 1565 1165 1613 fuerintNi
1177 1563 1297 1613 ficuti
1308 1573 1350 1612 in
1363 1565 1556 1632 supremo
1568 1566 1647 1612 effe
1659 1566 1898 1614 firntomuia
1909 1567 2141 1622 modone-

495 1634 560 1681 bis
573 1637 807 1700 ignoto,ita
817 1636 861 1680 in
871 1629 1085 1680 intellectu
1098 1634 1244 1678 omnia
1255 1631 1347 1678 sunt
1356 1631 1539 1678 stcundfi
1549 1630 1994 1699 moduintelligibilem
2006 1651 2055 1682 ac
2066 1652 2142 1701 per

495 1697 665 1746 fediiori
675 1697 811 1746 modo
823 1702 867 1745 in
877 1696 975 1746 intel
981 1696 1153 1745 lediibus
1167 1692 1438 1764 perfediiorib
1444 1697 1685 1750 unde-terius
1697 1696 1797 1747 vero
1808 1703 1850 1746 in
1863 1698 2143 1748 inferioribus:

496 1765 715 1812 obiestum
726 1782 849 1830 nanq3
863 1761 1097 1811 intellectus
1112 1763 1170 1810 est
1181 1781 1264 1810 ens,
1280 1761 1476 1829 Amplius
1488 1762 1518 1810 fi
1530 1761 1738 1812 humanus
1748 1763 1996 1823 intelledius,
2030 1772 2074 1813 ui
2084 1767 2144 1814 est
2166 1763 2206 1808 G

498 1831 651 1879 omnifi
665 1828 1183 1896 infimus,quodammodo
1199 1826 1394 1895 intelligit
1404 1834 1564 1881 omnia.
1576 1838 1619 1877 &
1638 1785 2038 1897 quodammodo-cll
2048 1851 2144 1880 om-

495 1902 567 1944 nia
577 1933 591 1955 ,
613 1894 751 1944 multo
777 1901 907 1962 tnagis
930 1894 1242 1942 affeuerandum
1262 1895 1320 1942 est
1348 1894 1434 1942 hoc
1456 1895 1510 1943 de
1529 1892 1726 1963 supremis
1747 1894 1826 1944 illis
1848 1896 2138 1947 intelleetibus.

502 1962 805 2025 anobrem
817 1961 1045 2028 superiores
1059 1965 1207 2008 animae
1225 1958 1442 2008 inferiores
1454 1959 1690 2028 intelligunt
1700 2000 1714 2021 ,
1724 1981 1772 2010 ac
1784 1968 1930 2011 omnia
1940 1968 2068 2011 etiam
2080 1969 2144 2011 in«

497 2028 601 2075 fima
619 2032 729 2074 entia
751 2032 1010 2092 generationi
1029 2024 1376 2093 corruptionique
1396 2027 1582 2074 obnoxia
1594 2046 1665 2094 per
1684 2027 1840 2076 formas
1866 2030 1918 2076 ab
1930 2027 2144 2078 intellectu

497 2099 640 2161 primo
653 2098 693 2140 in
707 2112 771 2140 eas
784 2093 999 2140 influentes
1010 2130 1024 2151 ,
1035 2110 1083 2140 ac
1094 2090 1268 2140 viciffim
1280 2090 1304 2139 ἓι
1314 2091 1590 2160 superioribus
1604 2094 1784 2153 traditas,
1796 2092 2144 2162 inferioribusque

500 2158 785 2207 excellentiori
795 2159 929 2206 modo
943 2177 991 2206 ac
1003 2163 1165 2206 ratione
1181 2163 1312 2223 magis
1322 2177 1402 2206 vna
1422 2158 1568 2207 suntin
1589 2158 1652 2207 his
1674 2178 1768 2226 quae
1788 2160 2012 2228 superiores
2034 2161 2140 2210 sunt:

500 2230 545 2272 in
555 2225 815 2273 inferioribus
827 2222 927 2272 vero
939 2229 1071 2290 magis
1083 2222 1225 2271 multae
1236 2241 1284 2271 ac
1302 2230 1434 2290 magis
1456 2226 1594 2272 diuisae
1606 2246 1615 2271 :
1628 2244 1766 2294 neque
1776 2232 1888 2274 enim
1912 2244 2052 2274 earum
2069 2245 2132 2275 ca-

531 2309 620 2338 aces
633 2290 757 2338 effent
768 2327 781 2348 ‚
795 2289 868 2337 nisi
881 2288 973 2356 ipsis
995 2294 1127 2356 magis
1148 2288 1414 2338 dearticulate
1446 2289 1600 2338 fisci-int
1610 2328 1624 2350 ,
1635 2308 1836 2358 tanquam
1858 2291 2142 2340 imbecilliori-

499 2309 763 2423 Eusspcquae
773 2360 905 2422 magis
919 2354 1145 2403 recedantzi
1165 2354 1422 2423 perfestione
1442 2361 1560 2404 vnius
1572 2393 1586 2415 ,
1608 2374 1734 2424 atque
1756 2359 1808 2406 ad
1825 2357 2142 2407 multitudinem

501 2422 723 2471 accedant:
738 2420 791 2469 fic
803 2426 907 2469 inter
925 2422 1119 2469 homines
1143 2421 1328 2468 accidere
1338 2423 1526 2471 videmus
1539 2459 1552 2480 ,
1564 2441 1610 2471 vt
1621 2442 1667 2471 ea
1712 2442 1770 2472 uae
1782 2426 2010 2492 praestantes
2026 2430 2142 2491 inge-

502 2494 577 2535 nio
589 2489 725 2536 statim
739 2505 787 2534 ac
796 2504 897 2535 vnn.
911 2503 1015 2534 nutu
1027 2487 1236 2535 admoniti
1250 2486 1480 2554 percipiunt
1491 2525 1504 2546 ,
1518 2489 1684 2536 imbecil
1702 2495 1810 2538 iores
1822 2508 1869 2539 ac
1890 2495 2020 2557 magis
2036 2491 2142 2539 tardi
2189 2472 2240 2516 H

504 2572 647 2620 capere
657 2551 959 2620 nequeanr‚nifi
971 2552 1115 2600 eadem
1129 2558 1185 2599 eis
1201 2553 1354 2601 fuerim
1366 2555 1556 2602 distincta
1568 2563 1611 2602 &
1633 2555 1795 2603 deartic
1806 2554 1900 2604 ilata,
1912 2595 1920 2606 .
1934 2574 2022 2604 non
2032 2555 2142 2604 diff-

504 2617 595 2666 mili
609 2625 787 2666 omnino
799 2620 1007 2666 rationese
1019 2618 1173 2666 habent
1183 2634 1344 2666 mentes
1354 2619 1432 2667 illae
1444 2620 1661 2687 supremae,
1674 2620 1798 2670 huius
1814 2623 1914 2671 vero
1928 2642 2014 2670 non
2026 2622 2142 2691 aequt'i

503 2689 779 2751 perceptionis
793 2690 897 2731 ratio
909 2690 950 2731 in
963 2699 1161 2751 promptu
1175 2686 1246 2742 est,
1260 2703 1358 2732 nam
1372 2703 1586 2753 receptum
1598 2705 1726 2735 omne
1738 2689 1796 2735 est
1806 2692 1848 2735 in
1860 2693 2078 2755 recipiente
2088 2691 2143 2737 se-

505 2751 693 2797 cundum
719 2754 949 2816 recipientis
975 2750 1153 2796 modum
1167 2770 1177 2796 :
1191 2767 1354 2816 quanto
1376 2770 1476 2818 ergo
1489 2758 1684 2819 recipiens
1698 2759 1830 2820 magis
1848 2754 2051 2803 acceffcrit
2061 2793 2074 2814 ‚
2086 2755 2140 2803 ad

506 2815 818 2863 multitudinem
829 2853 841 2873 ‚
853 2816 905 2862 ab
919 2813 1087 2880 vnoque
1097 2817 1297 2862 recesserit
1308 2853 1320 2872 ,
1334 2833 1448 2864 tanto
1461 2823 1584 2866 etiam
1606 2836 1773 2886 oportet
1790 2836 1970 2887 receptas
1990 2820 2140 2888 species

503 2891 547 2929 'm
561 2900 613 2928 co
624 2886 755 2946 magis
769 2884 847 2928 effe
859 2880 1109 2947 multiplices
1123 2880 1409 2948 inferiorisque
1420 2899 1530 2931 notoe
1542 2922 1552 2931 .
1568 2890 1636 2931 Sic¹
1646 2903 1746 2952 ergo
1759 2891 1896 2934 omnis
1909 2886 2138 2935 coelestium

505 2964 735 3013 corporum
748 2954 885 2995 anima
895 2952 1041 2994 omnia
1053 2946 1248 3012 intelligit
1259 2985 1272 3005 ‚
1281 2947 1320 2994 se
1330 2949 1458 3015 ipshm
1474 2950 1612 3016 perfui
1624 2952 2058 3020 essentiamssuperiora
2068 2972 2140 3000 en-

504 3018 561 3060 tia
571 3031 645 3079 per
653 3030 803 3060 eorum
813 3014 995 3060 essentias
1007 3050 1021 3070 ‚
1033 3030 1133 3079 quas
1147 3018 1189 3059 in
1201 3013 1242 3060 fi:
1252 3030 1298 3060 vt
1346 3016 1590 3063 effectiones
1612 3017 1882 3083 intelligibiles
1894 3023 2038 3084 recipit
2050 3039 2060 3066 ε
2076 3027 2138 3066 in-

505 3078 656 3125 feriora
667 3077 767 3126 vero
779 3096 853 3146 per
862 3077 1011 3145 species
1023 3081 1075 3125 ab
1085 3076 1299 3126 intelledht
1312 3033 1520 3146 supremo,
1533 3087 1574 3129 in
1588 3102 1678 3130 eam
1694 3089 1877 3132 animam
1890 3102 2137 3141 emanantes;

506 3143 653 3191 ordine
664 3161 805 3192 tamen
817 3160 933 3192 certo
943 3142 1242 3212 progreffi'tque
1260 3143 1420 3194 seruato
1432 3183 1444 3203 ,
1463 3163 1508 3195 vt
1518 3146 1672 3196 scilicet
1680 3150 1830 3216 species
1845 3168 1900 3198 eae
1919 3155 2028 3217 prius
2041 3169 2138 3216 pto-

1903 3216 2138 3285 ximit'isque
