2455 3671
726 260 1072 334 LIBER
1136 259 1668 335 TERTIVS·
1986 299 2096 369 ³75

239 381 281 430 Α
333 371 595 417 mentionem
613 366 747 416 facere
766 368 820 416 de
830 367 917 419 hoe
927 382 1118 416 extremae
1127 369 1338 415 vnfflonis
1358 371 1626 416 Sacramento
1635 402 1651 427 ,
1660 382 1760 416 cum
1771 363 1874 417 dicit
1883 383 1980 418 eor·

364 453 407 483 us
419 433 519 483 oleo
531 430 839 499 inungi.ven'im
847 432 1158 483 falluntur-nam
1167 430 1238 482 illa
1248 435 1393 482 vnffio
1404 433 1617 482 cadaueris
1627 448 1714 483 erat
1723 469 1738 491 ‚
1746 429 1868 502 quod
1884 432 1982 484 nul·

351 506 411 549 ius
423 518 551 568 capax
569 501 628 548 est
645 504 921 559 sacramenti,
933 517 1071 567 neque
1091 497 1173 548 vlla
1183 495 1435 548 adhibentur
1442 499 1590 556 verba,
1600 498 1688 548 fine
1697 500 1853 568 quibus
1859 498 1981 552 velu-

333 573 367 617 ti
385 566 471 615 fine
488 564 628 614 forma
646 564 757 614 nulla
781 566 936 615 confici
945 602 958 624 ,
986 581 1058 615 aut
1073 564 1262 615 constare
1274 566 1453 640 foffunt
1473 571 1736 616 Sacramenta
1747 601 1759 614 .
1779 566 1880 616 ideo
1901 583 1982 616 εε-

331 638 523 682 remonia
531 628 695 680 tannim
715 631 909 699 quaedam
931 629 999 680 illa
1017 646 1103 680 erat
1117 664 1133 686 .
1156 648 1243 698 qua
1260 631 1567 697 ugnifimbatur
1585 630 1842 682 defirnfflim'
1856 630 1981 682 illum

330 698 447 747 fuisse
498 697 659 746 lurimis
685 697 981 746 certaminibus
1009 697 1204 747 aduersus
1234 694 1471 747 Diabolum
1491 731 1508 753 .
1526 698 1580 748 ad
1623 714 1686 746 uae
1714 698 1914 748 obeunda
1932 703 1982 748 in

333 766 450 832 bapti
467 780 577 813 mate
587 767 737 814 vuitus
748 762 881 812 fuerat
893 801 903 812 .
917 761 1035 831 quod
1047 761 1079 811 si
1089 780 1244 831 quaeras
1267 780 1352 828 qua
1362 768 1524 812 ratione
1542 716 1698 814 detlwc
1710 769 1981 814 sacramento

334 835 597 880 mentionem
611 848 699 878 non
709 829 851 878 fecerit
861 834 1009 895 Diony
1015 828 1093 878 fius
1107 866 1119 878 .
1131 829 1363 897 respondeo
1374 829 1521 878 eadem
1532 830 1872 899 propemodum,
1880 849 1981 899 qua,

335 915 471 965 neque
483 897 535 944 de
545 898 799 965 poenirentiae
811 901 1236 963 Sacramen10,neque
1246 895 1300 944 de
1310 900 1584 944 matrimonio
1596 901 1860 946 mentionem
1868 897 1981 947 foco-

335 980 397 1012 rat
409 1001 419 1012 .
433 968 519 1010 eius
529 967 685 1011 etenim
695 962 931 1010 institutum
941 960 1021 1011 fuit
1029 965 1201 1011 traetare
1219 961 1274 1010 de
1288 963 1524 1010 aditionibus
1534 961 1796 1012 hierarchicis
1806 1000 1820 1022 ‚
1831 968 1876 1012 in
1884 967 1979 1033 qui-

257 1044 293 1090 B
410 1031 487 1077 bus
509 1027 595 1077 haec
607 1034 869 1076 Sacramenta
886 1032 1093 1076 numerari
1103 1044 1191 1075 non
1199 1043 1392 1095 poterant
1404 1066 1414 1076 .
1425 1046 1524 1076 nam
1534 1034 1730 1096 purgatio
1749 1034 1890 1097 potius

482 1099 657 1163 pertinet
666 1094 719 1142 ad
729 1093 965 1142 doctrinam
977 1130 991 1151 ‚
1003 1101 1045 1142 &
1057 1092 1440 1152 satisfafflouemss
1452 1094 1706 1144 diabolicam
1716 1113 1838 1145 vexa-

547 1166 710 1209 tionem
719 1196 733 1218 ,
745 1158 873 1226 quam
887 1159 941 1207 ad
951 1157 1267 1208 absolutionem
1278 1157 1304 1207 ὲ
1314 1158 1454 1228 culpa,
1465 1177 1596 1228 quam
1607 1160 1752 1211 diaco·

620 1244 697 1275 nus
709 1227 891 1292 praestate
909 1243 999 1272 non
1011 1225 1146 1292 potest
1155 1261 1169 1284 ,
1179 1243 1282 1274 cum
1290 1224 1512 1275 ficerdotis
1522 1224 1572 1275 fit
1582 1245 1678 1276 mu-

657 1309 735 1340 nus
745 1327 759 1349 ‚
771 1296 965 1357 Purgatio
973 1307 1113 1339 tamen
1123 1289 1374 1340 hierarchica
1383 1296 1558 1360 pertinet
1568 1293 1622 1343 ad

725 1355 1169 1406 diaconumthacstenus
1181 1356 1234 1405 de
1244 1355 1330 1405 hoc
1340 1362 1582 1408 Sacramen-

868 1439 917 1472 to
929 1438 1119 1473 extremae
1128 1426 1436 1475 metionis-ecc.

1113 1490 1155 1550 ὃ
