<?xml version="1.0" encoding="UTF-8"?>
<!DOCTYPE html PUBLIC "-//W3C//DTD XHTML 1.0 Transitional//EN"
    "http://www.w3.org/TR/xhtml1/DTD/xhtml1-transitional.dtd">
<html xmlns="http://www.w3.org/1999/xhtml" xml:lang="en" lang="en">
 <head>
  <title>
</title>
<meta http-equiv="Content-Type" content="text/html;charset=utf-8" />
  <meta name='ocr-system' content='tesseract 3.04.00' />
  <meta name='ocr-capabilities' content='ocr_page ocr_carea ocr_par ocr_line ocrx_word'/>
</head>
<body>
  <div class='ocr_page' id='page_1' title='image "./opera00contgoog_0253.png"; bbox 0 0 2455 3671; ppageno 0'>
   <div class='ocr_carea' id='block_1_1' title="bbox 365 261 2029 356">
    <p class='ocr_par' dir='ltr' id='par_1_1' title="bbox 365 261 2029 356">
     <span class='ocr_line' id='line_1_1' title="bbox 365 261 2029 356; baseline -0.005 -13"><span class='ocrx_word' id='word_1_1' title='bbox 365 282 493 356; x_wconf 83' lang='lat'>208</span> <span class='ocrx_word' id='word_1_2' title='bbox 653 268 785 338; x_wconf 90' lang='lat' dir='ltr'>DE</span> <span class='ocrx_word' id='word_1_3' title='bbox 834 262 1517 337; x_wconf 84' lang='lat' dir='ltr'><strong>IMMORTAL·</strong></span> <span class='ocrx_word' id='word_1_4' title='bbox 1569 261 2029 336; x_wconf 84' lang='lat' dir='ltr'>ANIMAE</span> 
     </span>
    </p>
   </div>
   <div class='ocr_carea' id='block_1_2' title="bbox 516 368 2272 3200">
    <p class='ocr_par' dir='ltr' id='par_1_2' title="bbox 516 368 2272 3200">
     <span class='ocr_line' id='line_1_2' title="bbox 517 368 2255 441; baseline -0.001 -18"><span class='ocrx_word' id='word_1_5' title='bbox 517 388 614 423; x_wconf 86' lang='lat' dir='ltr'>ante</span> <span class='ocrx_word' id='word_1_6' title='bbox 622 374 702 422; x_wconf 82' lang='lat' dir='ltr'>effe</span> <span class='ocrx_word' id='word_1_7' title='bbox 709 369 962 441; x_wconf 86' lang='lat' dir='ltr'>impoffibile</span> <span class='ocrx_word' id='word_1_8' title='bbox 971 370 1035 420; x_wconf 75' lang='lat' dir='ltr'>his</span> <span class='ocrx_word' id='word_1_9' title='bbox 1044 371 1278 420; x_wconf 82' lang='lat' dir='ltr'>rationibus</span> <span class='ocrx_word' id='word_1_10' title='bbox 1287 371 1367 418; x_wconf 83' lang='lat' dir='ltr'>effe</span> <span class='ocrx_word' id='word_1_11' title='bbox 1377 368 1578 418; x_wconf 66' lang='lat' dir='ltr'>osteditur</span> <span class='ocrx_word' id='word_1_12' title='bbox 1588 406 1602 419; x_wconf 90' lang='lat'><strong>.</strong></span> <span class='ocrx_word' id='word_1_13' title='bbox 1649 385 1806 420; x_wconf 85' lang='lat' dir='ltr'>uorum</span> <span class='ocrx_word' id='word_1_14' title='bbox 1818 373 2168 440; x_wconf 85' lang='lat' dir='ltr'>enimprincipio-</span> <span class='ocrx_word' id='word_1_15' title='bbox 2217 374 2255 420; x_wconf 76' lang='lat' dir='ltr'>E</span> 
     </span>
     <span class='ocr_line' id='line_1_3' title="bbox 517 435 2167 504; baseline -0.001 -16"><span class='ocrx_word' id='word_1_16' title='bbox 517 458 615 488; x_wconf 89' lang='lat' dir='ltr'>rum</span> <span class='ocrx_word' id='word_1_17' title='bbox 635 443 747 491; x_wconf 69' lang='grc' dir='ltr'>αᾶἰο</span> <span class='ocrx_word' id='word_1_18' title='bbox 768 440 827 488; x_wconf 85' lang='lat' dir='ltr'>est</span> <span class='ocrx_word' id='word_1_19' title='bbox 846 457 901 486; x_wconf 90' lang='lat' dir='ltr'>co</span> <span class='ocrx_word' id='word_1_20' title='bbox 951 437 1075 486; x_wconf 81' lang='lat' dir='ltr'>oralis</span> <span class='ocrx_word' id='word_1_21' title='bbox 1085 474 1097 496; x_wconf 91' lang='lat'>,</span> <span class='ocrx_word' id='word_1_22' title='bbox 1113 435 1199 485; x_wconf 88' lang='lat' dir='ltr'>haec</span> <span class='ocrx_word' id='word_1_23' title='bbox 1219 435 1305 484; x_wconf 86' lang='lat' dir='ltr'>fine</span> <span class='ocrx_word' id='word_1_24' title='bbox 1317 453 1496 503; x_wconf 85' lang='lat' dir='ltr'>corpore</span> <span class='ocrx_word' id='word_1_25' title='bbox 1514 440 1558 483; x_wconf 88' lang='lat' dir='ltr'>in</span> <span class='ocrx_word' id='word_1_26' title='bbox 1634 455 1658 484; x_wconf 88' lang='lat' dir='ltr'>e</span> <span class='ocrx_word' id='word_1_27' title='bbox 1678 454 1769 484; x_wconf 87' lang='lat' dir='ltr'>non</span> <span class='ocrx_word' id='word_1_28' title='bbox 1785 437 1902 504; x_wconf 70' lang='lat' dir='ltr'>posse</span> <span class='ocrx_word' id='word_1_29' title='bbox 1918 446 2083 486; x_wconf 79' lang='lat' dir='ltr'>certum</span> <span class='ocrx_word' id='word_1_30' title='bbox 2093 439 2167 499; x_wconf 81' lang='lat' dir='ltr'>est,</span> 
     </span>
     <span class='ocr_line' id='line_1_4' title="bbox 516 501 2170 572; baseline -0.001 -17"><span class='ocrx_word' id='word_1_31' title='bbox 516 506 635 556; x_wconf 85' lang='lat' dir='ltr'>verbi</span> <span class='ocrx_word' id='word_1_32' title='bbox 644 505 916 572; x_wconf 80' lang='lat' dir='ltr'>gratia,ambu</span> <span class='ocrx_word' id='word_1_33' title='bbox 933 521 1002 551; x_wconf 86' lang='lat' dir='ltr'>are</span> <span class='ocrx_word' id='word_1_34' title='bbox 1011 501 1097 551; x_wconf 84' lang='lat' dir='ltr'>fine</span> <span class='ocrx_word' id='word_1_35' title='bbox 1103 503 1441 570; x_wconf 73' lang='lat' dir='ltr'>pedibuszitaque</span> <span class='ocrx_word' id='word_1_36' title='bbox 1451 520 1499 550; x_wconf 88' lang='lat' dir='ltr'>ea</span> <span class='ocrx_word' id='word_1_37' title='bbox 1508 501 1754 551; x_wconf 83' lang='lat' dir='ltr'>extrinsecus</span> <span class='ocrx_word' id='word_1_38' title='bbox 1763 507 1903 552; x_wconf 85' lang='lat' dir='ltr'>venire</span> <span class='ocrx_word' id='word_1_39' title='bbox 1910 501 2170 571; x_wconf 75' lang='lat' dir='ltr'>impossibile</span> 
     </span>
     <span class='ocr_line' id='line_1_5' title="bbox 518 565 2170 638; baseline -0.001 -17"><span class='ocrx_word' id='word_1_40' title='bbox 518 573 673 621; x_wconf 88' lang='lat' dir='ltr'>est.nec</span> <span class='ocrx_word' id='word_1_41' title='bbox 687 576 797 620; x_wconf 88' lang='lat' dir='ltr'>enim</span> <span class='ocrx_word' id='word_1_42' title='bbox 809 570 893 638; x_wconf 69' lang='lat' dir='ltr'>ipsa</span> <span class='ocrx_word' id='word_1_43' title='bbox 902 587 975 638; x_wconf 86' lang='lat' dir='ltr'>per</span> <span class='ocrx_word' id='word_1_44' title='bbox 984 567 1023 616; x_wconf 73' lang='lat' dir='ltr'>st</span> <span class='ocrx_word' id='word_1_45' title='bbox 1037 569 1234 618; x_wconf 76' lang='lat' dir='ltr'>accedere</span> <span class='ocrx_word' id='word_1_46' title='bbox 1244 568 1412 636; x_wconf 80' lang='lat' dir='ltr'>possunt</span> <span class='ocrx_word' id='word_1_47' title='bbox 1421 584 1523 616; x_wconf 90' lang='lat' dir='ltr'>cum</span> <span class='ocrx_word' id='word_1_48' title='bbox 1531 565 1814 635; x_wconf 78' lang='lat' dir='ltr'>inseparabilia</span> <span class='ocrx_word' id='word_1_49' title='bbox 1823 567 2056 638; x_wconf 72' lang='lat' dir='ltr'>finttneque</span> <span class='ocrx_word' id='word_1_50' title='bbox 2067 588 2170 620; x_wconf 87' lang='lat' dir='ltr'>cum</span> 
     </span>
     <span class='ocr_line' id='line_1_6' title="bbox 519 631 2172 706; baseline -0.001 -19"><span class='ocrx_word' id='word_1_51' title='bbox 519 655 699 706; x_wconf 81' lang='lat' dir='ltr'>corpore</span> <span class='ocrx_word' id='word_1_52' title='bbox 714 658 727 684; x_wconf 63' lang='grc' dir='ltr'><strong>ι</strong></span> <span class='ocrx_word' id='word_1_53' title='bbox 737 637 876 684; x_wconf 87' lang='lat' dir='ltr'>semen</span> <span class='ocrx_word' id='word_1_54' title='bbox 895 640 1009 684; x_wconf 91' lang='lat' dir='ltr'>enim</span> <span class='ocrx_word' id='word_1_55' title='bbox 1029 651 1344 683; x_wconf 85' lang='lat' dir='ltr'>excrementum</span> <span class='ocrx_word' id='word_1_56' title='bbox 1362 631 1550 682; x_wconf 80' lang='lat' dir='ltr'>alimenti</span> <span class='ocrx_word' id='word_1_57' title='bbox 1566 638 1717 683; x_wconf 63' lang='lat' dir='ltr'>murati</span> <span class='ocrx_word' id='word_1_58' title='bbox 1728 635 1789 682; x_wconf 87' lang='lat' dir='ltr'>est</span> <span class='ocrx_word' id='word_1_59' title='bbox 1799 673 1810 684; x_wconf 94' lang='lat'><strong>.</strong></span> <span class='ocrx_word' id='word_1_60' title='bbox 1832 636 1974 684; x_wconf 85' lang='lat' dir='ltr'>Restat</span> <span class='ocrx_word' id='word_1_61' title='bbox 1983 640 2112 703; x_wconf 89' lang='lat' dir='ltr'>igitur</span> <span class='ocrx_word' id='word_1_62' title='bbox 2121 652 2172 687; x_wconf 75' lang='lat' dir='ltr'>vt</span> 
     </span>
     <span class='ocr_line' id='line_1_7' title="bbox 519 696 2170 758; baseline -0.001 -6"><span class='ocrx_word' id='word_1_63' title='bbox 519 721 640 752; x_wconf 86' lang='lat' dir='ltr'>mens</span> <span class='ocrx_word' id='word_1_64' title='bbox 659 701 747 752; x_wconf 86' lang='lat' dir='ltr'>sola</span> <span class='ocrx_word' id='word_1_65' title='bbox 766 698 1011 750; x_wconf 82' lang='lat' dir='ltr'>extrinsecus</span> <span class='ocrx_word' id='word_1_66' title='bbox 1035 700 1205 749; x_wconf 76' lang='lat' dir='ltr'>accedat</span> <span class='ocrx_word' id='word_1_67' title='bbox 1213 733 1230 754; x_wconf 88' lang='lat'>‚</span> <span class='ocrx_word' id='word_1_68' title='bbox 1239 696 1281 747; x_wconf 84' lang='lat' dir='ltr'>e&#39;</span> <span class='ocrx_word' id='word_1_69' title='bbox 1318 718 1372 747; x_wconf 89' lang='lat' dir='ltr'>ue</span> <span class='ocrx_word' id='word_1_70' title='bbox 1382 697 1468 747; x_wconf 88' lang='lat' dir='ltr'>sola</span> <span class='ocrx_word' id='word_1_71' title='bbox 1480 700 1622 748; x_wconf 84' lang='lat' dir='ltr'>diuina</span> <span class='ocrx_word' id='word_1_72' title='bbox 1636 701 1714 758; x_wconf 73' lang='lat' dir='ltr'>est3</span> <span class='ocrx_word' id='word_1_73' title='bbox 1726 698 1830 748; x_wconf 82' lang='lat' dir='ltr'>nihil</span> <span class='ocrx_word' id='word_1_74' title='bbox 1841 706 1956 750; x_wconf 83' lang='lat' dir='ltr'>enim</span> <span class='ocrx_word' id='word_1_75' title='bbox 1967 719 2066 751; x_wconf 86' lang='lat' dir='ltr'>cum</span> <span class='ocrx_word' id='word_1_76' title='bbox 2080 709 2170 750; x_wconf 83' lang='lat' dir='ltr'>eius</span> 
     </span>
     <span class='ocr_line' id='line_1_8' title="bbox 519 718 2174 834; baseline -0.001 -16"><span class='ocrx_word' id='word_1_77' title='bbox 519 774 687 818; x_wconf 60' lang='lat' dir='ltr'>abitione</span> <span class='ocrx_word' id='word_1_78' title='bbox 699 772 986 816; x_wconf 84' lang='lat' dir='ltr'>communicat</span> <span class='ocrx_word' id='word_1_79' title='bbox 992 770 1105 815; x_wconf 62' lang='lat' dir='ltr'>actio</span> <span class='ocrx_word' id='word_1_80' title='bbox 1126 718 1366 834; x_wconf 52' lang='lat' dir='ltr'>cor-pomis.</span> <span class='ocrx_word' id='word_1_81' title='bbox 1402 765 1474 812; x_wconf 86' lang='lat' dir='ltr'>uid</span> <span class='ocrx_word' id='word_1_82' title='bbox 1488 763 1634 814; x_wconf 84' lang='lat' dir='ltr'>clarius</span> <span class='ocrx_word' id='word_1_83' title='bbox 1646 765 1730 815; x_wconf 81' lang='lat' dir='ltr'>dici</span> <span class='ocrx_word' id='word_1_84' title='bbox 1740 766 2078 834; x_wconf 59' lang='lat' dir='ltr'>potuiffenquairn</span> <span class='ocrx_word' id='word_1_85' title='bbox 2090 766 2174 828; x_wconf 70' lang='lat' dir='ltr'>hec</span> 
     </span>
     <span class='ocr_line' id='line_1_9' title="bbox 519 783 2174 900; baseline -0.002 -17"><span class='ocrx_word' id='word_1_86' title='bbox 519 838 643 883; x_wconf 71' lang='lat' dir='ltr'>metis</span> <span class='ocrx_word' id='word_1_87' title='bbox 655 831 1079 883; x_wconf 60' lang='lat' dir='ltr'>immaterialitasss&#39;ed</span> <span class='ocrx_word' id='word_1_88' title='bbox 1093 831 1203 880; x_wconf 85' lang='lat' dir='ltr'>dicet</span> <span class='ocrx_word' id='word_1_89' title='bbox 1215 783 1455 899; x_wconf 49' lang='lat' dir='ltr'>aliquisjlnic</span> <span class='ocrx_word' id='word_1_90' title='bbox 1466 830 1630 880; x_wconf 77' lang='lat' dir='ltr'>videtur</span> <span class='ocrx_word' id='word_1_91' title='bbox 1641 831 1889 881; x_wconf 75' lang='lat' dir='ltr'>Aristoteles</span> <span class='ocrx_word' id='word_1_92' title='bbox 1896 833 2174 900; x_wconf 60' lang='lat' dir='ltr'>dicerqqmd</span> 
     </span>
     <span class='ocr_line' id='line_1_10' title="bbox 518 895 2173 968; baseline -0.002 -18"><span class='ocrx_word' id='word_1_93' title='bbox 518 918 640 951; x_wconf 83' lang='lat' dir='ltr'>mens</span> <span class='ocrx_word' id='word_1_94' title='bbox 651 900 841 968; x_wconf 87' lang='lat' dir='ltr'>praecedit</span> <span class='ocrx_word' id='word_1_95' title='bbox 850 904 895 947; x_wconf 92' lang='lat' dir='ltr'>in</span> <span class='ocrx_word' id='word_1_96' title='bbox 905 899 983 946; x_wconf 80' lang='lat' dir='ltr'>effe</span> <span class='ocrx_word' id='word_1_97' title='bbox 999 916 1152 966; x_wconf 88' lang='lat' dir='ltr'>corpus</span> <span class='ocrx_word' id='word_1_98' title='bbox 1177 895 1478 965; x_wconf 60' lang='lat' dir='ltr'>copositutrn&amp;</span> <span class='ocrx_word' id='word_1_99' title='bbox 1490 897 1611 964; x_wconf 91' lang='lat' dir='ltr'>quod</span> <span class='ocrx_word' id='word_1_100' title='bbox 1622 902 1734 946; x_wconf 87' lang='lat' dir='ltr'>venit</span> <span class='ocrx_word' id='word_1_101' title='bbox 1744 901 1788 945; x_wconf 89' lang='lat' dir='ltr'>in</span> <span class='ocrx_word' id='word_1_102' title='bbox 1798 914 1950 966; x_wconf 77' lang='lat' dir='ltr'>corpus</span> <span class='ocrx_word' id='word_1_103' title='bbox 1964 917 2066 948; x_wconf 89' lang='lat' dir='ltr'>cum</span> <span class='ocrx_word' id='word_1_104' title='bbox 2077 915 2173 949; x_wconf 90' lang='lat' dir='ltr'>ante</span> 
     </span>
     <span class='ocr_line' id='line_1_11' title="bbox 518 962 2172 1032; baseline -0.001 -17"><span class='ocrx_word' id='word_1_105' title='bbox 518 965 703 1015; x_wconf 61' lang='lat' dir='ltr'>fueritin</span> <span class='ocrx_word' id='word_1_106' title='bbox 714 966 975 1014; x_wconf 90' lang='lat' dir='ltr'>duodecimo</span> <span class='ocrx_word' id='word_1_107' title='bbox 985 962 1086 1012; x_wconf 70' lang='lat' dir='ltr'>vero</span> <span class='ocrx_word' id='word_1_108' title='bbox 1098 962 1395 1031; x_wconf 82' lang='lat' dir='ltr'>Metaphysicae</span> <span class='ocrx_word' id='word_1_109' title='bbox 1404 967 1448 1010; x_wconf 88' lang='lat' dir='ltr'>in</span> <span class='ocrx_word' id='word_1_110' title='bbox 1458 978 1573 1010; x_wconf 88' lang='lat' dir='ltr'>textu</span> <span class='ocrx_word' id='word_1_111' title='bbox 1583 962 1753 1011; x_wconf 86' lang='lat' dir='ltr'>decimo</span> <span class='ocrx_word' id='word_1_112' title='bbox 1762 963 1941 1032; x_wconf 74' lang='lat' dir='ltr'>septimo</span> <span class='ocrx_word' id='word_1_113' title='bbox 1951 990 1964 1023; x_wconf 64' lang='grc' dir='ltr'>ς</span> <span class='ocrx_word' id='word_1_114' title='bbox 1975 974 2020 1013; x_wconf 77' lang='grc' dir='ltr'>δι</span> <span class='ocrx_word' id='word_1_115' title='bbox 2032 966 2093 1013; x_wconf 85' lang='lat' dir='ltr'>est</span> <span class='ocrx_word' id='word_1_116' title='bbox 2104 964 2172 1013; x_wconf 87' lang='lat' dir='ltr'>lo-</span> 
     </span>
     <span class='ocr_line' id='line_1_12' title="bbox 519 1027 2230 1100; baseline -0.002 -19"><span class='ocrx_word' id='word_1_117' title='bbox 519 1050 594 1081; x_wconf 80' lang='lat' dir='ltr'>cus</span> <span class='ocrx_word' id='word_1_118' title='bbox 605 1050 737 1100; x_wconf 86' lang='lat' dir='ltr'>quem</span> <span class='ocrx_word' id='word_1_119' title='bbox 748 1032 927 1098; x_wconf 82' lang='lat' dir='ltr'>superius</span> <span class='ocrx_word' id='word_1_120' title='bbox 939 1030 1369 1087; x_wconf 72' lang='lat' dir='ltr'>adduximu53videtur</span> <span class='ocrx_word' id='word_1_121' title='bbox 1380 1029 1653 1096; x_wconf 56' lang='lat' dir='ltr'>dicerqquod</span> <span class='ocrx_word' id='word_1_122' title='bbox 1663 1027 1786 1077; x_wconf 86' lang='lat' dir='ltr'>fimul</span> <span class='ocrx_word' id='word_1_123' title='bbox 1798 1035 1968 1096; x_wconf 80' lang='lat' dir='ltr'>incipiat</span> <span class='ocrx_word' id='word_1_124' title='bbox 1978 1031 2058 1079; x_wconf 82' lang='lat' dir='ltr'>effe</span> <span class='ocrx_word' id='word_1_125' title='bbox 2070 1048 2172 1080; x_wconf 89' lang='lat' dir='ltr'>cum</span> <span class='ocrx_word' id='word_1_126' title='bbox 2197 1035 2230 1078; x_wconf 88' lang='lat'>1=</span> 
     </span>
     <span class='ocr_line' id='line_1_13' title="bbox 520 1094 2170 1209; baseline 0 -63"><span class='ocrx_word' id='word_1_127' title='bbox 520 1096 789 1166; x_wconf 56' lang='lat' dir='ltr'>corporqsed</span> <span class='ocrx_word' id='word_1_128' title='bbox 797 1112 1007 1145; x_wconf 83' lang='lat' dir='ltr'>remaneat</span> <span class='ocrx_word' id='word_1_129' title='bbox 1017 1097 1113 1163; x_wconf 86' lang='lat' dir='ltr'>post</span> <span class='ocrx_word' id='word_1_130' title='bbox 1125 1112 1290 1162; x_wconf 78' lang='lat' dir='ltr'>corpus.</span> <span class='ocrx_word' id='word_1_131' title='bbox 1298 1096 1366 1143; x_wconf 84' lang='lat' dir='ltr'>Ad</span> <span class='ocrx_word' id='word_1_132' title='bbox 1377 1094 1464 1143; x_wconf 89' lang='lat' dir='ltr'>hoc</span> <span class='ocrx_word' id='word_1_133' title='bbox 1474 1095 1815 1209; x_wconf 53' lang='lat' dir='ltr'>resp6de033uod</span> <span class='ocrx_word' id='word_1_134' title='bbox 1826 1096 1878 1144; x_wconf 88' lang='lat' dir='ltr'>de</span> <span class='ocrx_word' id='word_1_135' title='bbox 1888 1094 2034 1155; x_wconf 85' lang='lat' dir='ltr'>illo‚ad</span> <span class='ocrx_word' id='word_1_136' title='bbox 2048 1097 2170 1164; x_wconf 84' lang='lat' dir='ltr'>quod</span> 
     </span>
     <span class='ocr_line' id='line_1_14' title="bbox 519 1159 2173 1230; baseline 0 -19"><span class='ocrx_word' id='word_1_137' title='bbox 519 1169 629 1212; x_wconf 86' lang='lat' dir='ltr'>ratio</span> <span class='ocrx_word' id='word_1_138' title='bbox 639 1161 833 1212; x_wconf 85' lang='lat' dir='ltr'>naturalis</span> <span class='ocrx_word' id='word_1_139' title='bbox 845 1181 896 1210; x_wconf 81' lang='lat' dir='ltr'>ex</span> <span class='ocrx_word' id='word_1_140' title='bbox 908 1166 1153 1230; x_wconf 83' lang='lat' dir='ltr'>operatione</span> <span class='ocrx_word' id='word_1_141' title='bbox 1163 1159 1396 1209; x_wconf 59' lang='lat' dir='ltr'>intellectus</span> <span class='ocrx_word' id='word_1_142' title='bbox 1410 1165 1605 1228; x_wconf 86' lang='lat' dir='ltr'>pertingit</span> <span class='ocrx_word' id='word_1_143' title='bbox 1615 1197 1630 1219; x_wconf 92' lang='lat'>‚</span> <span class='ocrx_word' id='word_1_144' title='bbox 1642 1162 1696 1209; x_wconf 83' lang='lat' dir='ltr'>sci</span> <span class='ocrx_word' id='word_1_145' title='bbox 1718 1166 1796 1209; x_wconf 86' lang='lat' dir='ltr'>&#39;cet</span> <span class='ocrx_word' id='word_1_146' title='bbox 1806 1163 1928 1228; x_wconf 84' lang='lat' dir='ltr'>quod</span> <span class='ocrx_word' id='word_1_147' title='bbox 1938 1162 2173 1211; x_wconf 59' lang='lat' dir='ltr'>intellectus</span> 
     </span>
     <span class='ocr_line' id='line_1_15' title="bbox 519 1225 2175 1295; baseline 0.001 -19"><span class='ocrx_word' id='word_1_148' title='bbox 519 1227 573 1278; x_wconf 85' lang='lat' dir='ltr'>fit</span> <span class='ocrx_word' id='word_1_149' title='bbox 581 1226 925 1287; x_wconf 83' lang='lat' dir='ltr'>immaterialis,&amp;</span> <span class='ocrx_word' id='word_1_150' title='bbox 938 1247 988 1276; x_wconf 85' lang='lat' dir='ltr'>ex</span> <span class='ocrx_word' id='word_1_151' title='bbox 1000 1225 1272 1295; x_wconf 83' lang='lat' dir='ltr'>consequenti</span> <span class='ocrx_word' id='word_1_152' title='bbox 1282 1225 1534 1275; x_wconf 87' lang='lat' dir='ltr'>immortalis</span> <span class='ocrx_word' id='word_1_153' title='bbox 1544 1225 1787 1293; x_wconf 82' lang='lat' dir='ltr'>firnpliciter</span> <span class='ocrx_word' id='word_1_154' title='bbox 1800 1264 1814 1286; x_wconf 91' lang='lat'>,</span> <span class='ocrx_word' id='word_1_155' title='bbox 1830 1227 2073 1277; x_wconf 81' lang='lat' dir='ltr'>Aristoteles</span> <span class='ocrx_word' id='word_1_156' title='bbox 2084 1247 2175 1277; x_wconf 85' lang='lat' dir='ltr'>non</span> 
     </span>
     <span class='ocr_line' id='line_1_16' title="bbox 519 1290 2172 1360; baseline 0 -17"><span class='ocrx_word' id='word_1_157' title='bbox 519 1295 744 1343; x_wconf 87' lang='lat' dir='ltr'>dubitauit.</span> <span class='ocrx_word' id='word_1_158' title='bbox 759 1294 813 1343; x_wconf 81' lang='lat' dir='ltr'>de</span> <span class='ocrx_word' id='word_1_159' title='bbox 823 1294 887 1341; x_wconf 78' lang='lat' dir='ltr'>his</span> <span class='ocrx_word' id='word_1_160' title='bbox 901 1293 1070 1352; x_wconf 68' lang='lat' dir='ltr'>veto,ad</span> <span class='ocrx_word' id='word_1_161' title='bbox 1082 1310 1166 1360; x_wconf 69' lang='lat' dir='ltr'>que</span> <span class='ocrx_word' id='word_1_162' title='bbox 1177 1296 1285 1340; x_wconf 89' lang='lat' dir='ltr'>ratio</span> <span class='ocrx_word' id='word_1_163' title='bbox 1296 1290 1493 1340; x_wconf 78' lang='lat' dir='ltr'>naturalis</span> <span class='ocrx_word' id='word_1_164' title='bbox 1502 1293 1561 1339; x_wconf 70' lang='lat' dir='ltr'>no</span> <span class='ocrx_word' id='word_1_165' title='bbox 1572 1297 1768 1359; x_wconf 86' lang='lat' dir='ltr'>pertingit</span> <span class='ocrx_word' id='word_1_166' title='bbox 1780 1311 1851 1360; x_wconf 89' lang='lat' dir='ltr'>per</span> <span class='ocrx_word' id='word_1_167' title='bbox 1863 1295 2172 1344; x_wconf 84' lang='lat' dir='ltr'>certitudinem.</span> 
     </span>
     <span class='ocr_line' id='line_1_17' title="bbox 519 1356 2173 1426; baseline 0 -18"><span class='ocrx_word' id='word_1_168' title='bbox 519 1358 766 1408; x_wconf 81' lang='lat' dir='ltr'>Aristoteles</span> <span class='ocrx_word' id='word_1_169' title='bbox 777 1360 1000 1426; x_wconf 82' lang='lat' dir='ltr'>ambiguus</span> <span class='ocrx_word' id='word_1_170' title='bbox 1014 1357 1107 1407; x_wconf 72' lang='lat' dir='ltr'>fuit:</span> <span class='ocrx_word' id='word_1_171' title='bbox 1115 1367 1155 1407; x_wconf 75' lang='grc' dir='ltr'>δε</span> <span class='ocrx_word' id='word_1_172' title='bbox 1167 1362 1323 1406; x_wconf 89' lang='lat' dir='ltr'>iccirco</span> <span class='ocrx_word' id='word_1_173' title='bbox 1336 1376 1422 1406; x_wconf 87' lang='lat' dir='ltr'>vno</span> <span class='ocrx_word' id='word_1_174' title='bbox 1434 1362 1478 1405; x_wconf 86' lang='lat' dir='ltr'>in</span> <span class='ocrx_word' id='word_1_175' title='bbox 1490 1356 1592 1405; x_wconf 88' lang='lat' dir='ltr'>loco</span> <span class='ocrx_word' id='word_1_176' title='bbox 1603 1358 1770 1406; x_wconf 87' lang='lat' dir='ltr'>videtur</span> <span class='ocrx_word' id='word_1_177' title='bbox 1778 1359 1914 1408; x_wconf 88' lang='lat' dir='ltr'>dicere</span> <span class='ocrx_word' id='word_1_178' title='bbox 1922 1397 1938 1418; x_wconf 84' lang='lat'><strong>‚</strong></span> <span class='ocrx_word' id='word_1_179' title='bbox 1953 1360 2074 1426; x_wconf 88' lang='lat' dir='ltr'>quod</span> <span class='ocrx_word' id='word_1_180' title='bbox 2086 1365 2173 1408; x_wconf 89' lang='lat' dir='ltr'>ani-</span> 
     </span>
     <span class='ocr_line' id='line_1_18' title="bbox 519 1421 2176 1492; baseline 0 -18"><span class='ocrx_word' id='word_1_181' title='bbox 519 1444 593 1474; x_wconf 84' lang='lat' dir='ltr'>ma</span> <span class='ocrx_word' id='word_1_182' title='bbox 603 1425 729 1474; x_wconf 86' lang='lat' dir='ltr'>fimul</span> <span class='ocrx_word' id='word_1_183' title='bbox 739 1442 839 1474; x_wconf 89' lang='lat' dir='ltr'>cum</span> <span class='ocrx_word' id='word_1_184' title='bbox 853 1441 1031 1492; x_wconf 87' lang='lat' dir='ltr'>corpore</span> <span class='ocrx_word' id='word_1_185' title='bbox 1039 1429 1209 1490; x_wconf 79' lang='lat' dir='ltr'>incipiat</span> <span class='ocrx_word' id='word_1_186' title='bbox 1219 1423 1356 1482; x_wconf 80' lang='lat' dir='ltr'>effe,in</span> <span class='ocrx_word' id='word_1_187' title='bbox 1366 1422 1452 1471; x_wconf 88' lang='lat' dir='ltr'>alio</span> <span class='ocrx_word' id='word_1_188' title='bbox 1466 1421 1566 1471; x_wconf 74' lang='grc' dir='ltr'>νει-ὸ</span> <span class='ocrx_word' id='word_1_189' title='bbox 1580 1425 1700 1491; x_wconf 88' lang='lat' dir='ltr'>quod</span> <span class='ocrx_word' id='word_1_190' title='bbox 1712 1425 1956 1473; x_wconf 84' lang='lat' dir='ltr'>extrinsecus</span> <span class='ocrx_word' id='word_1_191' title='bbox 1968 1431 2118 1484; x_wconf 62' lang='lat' dir='ltr'>venian</span> <span class='ocrx_word' id='word_1_192' title='bbox 2129 1432 2176 1474; x_wconf 91' lang='lat' dir='ltr'>in</span> 
     </span>
     <span class='ocr_line' id='line_1_19' title="bbox 520 1487 2170 1560; baseline 0 -20"><span class='ocrx_word' id='word_1_193' title='bbox 520 1492 721 1540; x_wconf 83' lang='lat' dir='ltr'>omnibus</span> <span class='ocrx_word' id='word_1_194' title='bbox 733 1506 875 1539; x_wconf 88' lang='lat' dir='ltr'>tamen</span> <span class='ocrx_word' id='word_1_195' title='bbox 887 1489 961 1538; x_wconf 82' lang='lat' dir='ltr'>fibi</span> <span class='ocrx_word' id='word_1_196' title='bbox 969 1487 1047 1557; x_wconf 84' lang='lat' dir='ltr'>ipfi</span> <span class='ocrx_word' id='word_1_197' title='bbox 1059 1492 1274 1547; x_wconf 57' lang='lat' dir='ltr'>consentin</span> <span class='ocrx_word' id='word_1_198' title='bbox 1308 1489 1398 1538; x_wconf 88' lang='lat' dir='ltr'>uod</span> <span class='ocrx_word' id='word_1_199' title='bbox 1408 1488 1460 1537; x_wconf 83' lang='lat' dir='ltr'>fit</span> <span class='ocrx_word' id='word_1_200' title='bbox 1470 1494 1662 1538; x_wconf 82' lang='lat' dir='ltr'>immixta</span> <span class='ocrx_word' id='word_1_201' title='bbox 1672 1496 1912 1548; x_wconf 45' lang='lat' dir='ltr'>materian&amp;</span> <span class='ocrx_word' id='word_1_202' title='bbox 1926 1493 2044 1560; x_wconf 87' lang='lat' dir='ltr'>quod</span> <span class='ocrx_word' id='word_1_203' title='bbox 2056 1496 2170 1540; x_wconf 72' lang='lat' dir='ltr'>affin</span> 
     </span>
     <span class='ocr_line' id='line_1_20' title="bbox 519 1554 2170 1626; baseline 0.001 -21"><span class='ocrx_word' id='word_1_204' title='bbox 519 1558 593 1606; x_wconf 86' lang='lat' dir='ltr'>sua</span> <span class='ocrx_word' id='word_1_205' title='bbox 615 1557 664 1605; x_wconf 80' lang='lat' dir='ltr'>fit</span> <span class='ocrx_word' id='word_1_206' title='bbox 683 1554 959 1624; x_wconf 82' lang='lat' dir='ltr'>incorporalis</span> <span class='ocrx_word' id='word_1_207' title='bbox 975 1579 987 1612; x_wconf 86' lang='lat'>;</span> <span class='ocrx_word' id='word_1_208' title='bbox 1001 1564 1045 1603; x_wconf 76' lang='grc' dir='ltr'>δε</span> <span class='ocrx_word' id='word_1_209' title='bbox 1057 1555 1177 1622; x_wconf 90' lang='lat' dir='ltr'>quod</span> <span class='ocrx_word' id='word_1_210' title='bbox 1189 1573 1262 1623; x_wconf 85' lang='lat' dir='ltr'>per</span> <span class='ocrx_word' id='word_1_211' title='bbox 1289 1554 1370 1604; x_wconf 85' lang='lat' dir='ltr'>efit</span> <span class='ocrx_word' id='word_1_212' title='bbox 1378 1591 1392 1614; x_wconf 89' lang='lat'>‚</span> <span class='ocrx_word' id='word_1_213' title='bbox 1404 1573 1542 1620; x_wconf 86' lang='lat' dir='ltr'>neque</span> <span class='ocrx_word' id='word_1_214' title='bbox 1552 1560 1596 1602; x_wconf 92' lang='lat' dir='ltr'>in</span> <span class='ocrx_word' id='word_1_215' title='bbox 1606 1554 1680 1604; x_wconf 87' lang='lat' dir='ltr'>suo</span> <span class='ocrx_word' id='word_1_216' title='bbox 1693 1557 1772 1604; x_wconf 85' lang='lat' dir='ltr'>effe</span> <span class='ocrx_word' id='word_1_217' title='bbox 1780 1557 1968 1623; x_wconf 78' lang='lat' dir='ltr'>indigeat</span> <span class='ocrx_word' id='word_1_218' title='bbox 1978 1575 2170 1626; x_wconf 86' lang='lat' dir='ltr'>corpore.</span> 
     </span>
     <span class='ocr_line' id='line_1_21' title="bbox 520 1619 2172 1691; baseline 0 -20"><span class='ocrx_word' id='word_1_219' title='bbox 520 1641 609 1691; x_wconf 87' lang='lat' dir='ltr'>qua</span> <span class='ocrx_word' id='word_1_220' title='bbox 619 1624 671 1672; x_wconf 93' lang='lat' dir='ltr'>de</span> <span class='ocrx_word' id='word_1_221' title='bbox 683 1622 802 1671; x_wconf 67' lang='lat' dir='ltr'>caula</span> <span class='ocrx_word' id='word_1_222' title='bbox 812 1639 949 1689; x_wconf 85' lang='lat' dir='ltr'>neque</span> <span class='ocrx_word' id='word_1_223' title='bbox 960 1620 1013 1669; x_wconf 89' lang='lat' dir='ltr'>de</span> <span class='ocrx_word' id='word_1_224' title='bbox 1023 1619 1241 1670; x_wconf 72' lang='lat' dir='ltr'>faelicitate</span> <span class='ocrx_word' id='word_1_225' title='bbox 1251 1622 1346 1688; x_wconf 85' lang='lat' dir='ltr'>post</span> <span class='ocrx_word' id='word_1_226' title='bbox 1362 1638 1549 1669; x_wconf 88' lang='lat' dir='ltr'>mortem</span> <span class='ocrx_word' id='word_1_227' title='bbox 1560 1619 1728 1670; x_wconf 75' lang='lat' dir='ltr'>locutus</span> <span class='ocrx_word' id='word_1_228' title='bbox 1750 1623 1924 1690; x_wconf 88' lang='lat' dir='ltr'>est.quia</span> <span class='ocrx_word' id='word_1_229' title='bbox 1934 1623 1988 1670; x_wconf 91' lang='lat' dir='ltr'>ad</span> <span class='ocrx_word' id='word_1_230' title='bbox 2007 1641 2102 1671; x_wconf 88' lang='lat' dir='ltr'>eam</span> <span class='ocrx_word' id='word_1_231' title='bbox 2114 1623 2172 1671; x_wconf 82' lang='lat' dir='ltr'>n5</span> 
     </span>
     <span class='ocr_line' id='line_1_22' title="bbox 520 1685 2175 1756; baseline -0.001 -19"><span class='ocrx_word' id='word_1_232' title='bbox 520 1693 717 1756; x_wconf 85' lang='lat' dir='ltr'>pertingit</span> <span class='ocrx_word' id='word_1_233' title='bbox 728 1692 833 1736; x_wconf 88' lang='lat' dir='ltr'>ratio</span> <span class='ocrx_word' id='word_1_234' title='bbox 847 1685 1129 1744; x_wconf 80' lang='lat' dir='ltr'>naturalis‚nifi</span> <span class='ocrx_word' id='word_1_235' title='bbox 1143 1704 1215 1754; x_wconf 88' lang='lat' dir='ltr'>per</span> <span class='ocrx_word' id='word_1_236' title='bbox 1225 1690 1501 1734; x_wconf 62' lang='lat' dir='ltr'>coniecturas:</span> <span class='ocrx_word' id='word_1_237' title='bbox 1512 1690 1556 1733; x_wconf 91' lang='lat' dir='ltr'>in</span> <span class='ocrx_word' id='word_1_238' title='bbox 1572 1691 1716 1735; x_wconf 87' lang='lat' dir='ltr'>Primo</span> <span class='ocrx_word' id='word_1_239' title='bbox 1727 1685 1830 1736; x_wconf 68' lang='lat' dir='ltr'>vero</span> <span class='ocrx_word' id='word_1_240' title='bbox 1842 1687 2090 1738; x_wconf 83' lang='lat' dir='ltr'>Ethicorum</span> <span class='ocrx_word' id='word_1_241' title='bbox 2106 1687 2175 1736; x_wconf 78' lang='lat' dir='ltr'>lo·-</span> 
     </span>
     <span class='ocr_line' id='line_1_23' title="bbox 519 1751 2237 1822; baseline 0 -19"><span class='ocrx_word' id='word_1_242' title='bbox 519 1760 665 1821; x_wconf 87' lang='lat' dir='ltr'>quitur</span> <span class='ocrx_word' id='word_1_243' title='bbox 676 1754 729 1802; x_wconf 91' lang='lat' dir='ltr'>de</span> <span class='ocrx_word' id='word_1_244' title='bbox 739 1751 953 1802; x_wconf 82' lang='lat' dir='ltr'>foelicitate</span> <span class='ocrx_word' id='word_1_245' title='bbox 963 1751 1149 1800; x_wconf 86' lang='lat' dir='ltr'>hominis</span> <span class='ocrx_word' id='word_1_246' title='bbox 1160 1751 1390 1819; x_wconf 76' lang='lat' dir='ltr'>compositi</span> <span class='ocrx_word' id='word_1_247' title='bbox 1400 1772 1410 1798; x_wconf 74' lang='grc' dir='ltr'><strong>ε</strong></span> <span class='ocrx_word' id='word_1_248' title='bbox 1427 1761 1470 1800; x_wconf 84' lang='lat'>&amp;</span> <span class='ocrx_word' id='word_1_249' title='bbox 1482 1751 1683 1820; x_wconf 68' lang='lat' dir='ltr'>praecipue</span> <span class='ocrx_word' id='word_1_250' title='bbox 1695 1753 1747 1801; x_wconf 87' lang='lat' dir='ltr'>de</span> <span class='ocrx_word' id='word_1_251' title='bbox 1756 1752 1972 1802; x_wconf 84' lang='lat' dir='ltr'>fcelicitate</span> <span class='ocrx_word' id='word_1_252' title='bbox 1986 1754 2172 1822; x_wconf 85' lang='lat' dir='ltr'>politica,</span> <span class='ocrx_word' id='word_1_253' title='bbox 2194 1760 2237 1804; x_wconf 90' lang='lat' dir='ltr'>G</span> 
     </span>
     <span class='ocr_line' id='line_1_24' title="bbox 519 1817 2174 1887; baseline 0 -19"><span class='ocrx_word' id='word_1_254' title='bbox 519 1837 569 1870; x_wconf 83' lang='lat' dir='ltr'>vt</span> <span class='ocrx_word' id='word_1_255' title='bbox 579 1835 691 1887; x_wconf 89' lang='lat' dir='ltr'>patet</span> <span class='ocrx_word' id='word_1_256' title='bbox 701 1818 919 1886; x_wconf 84' lang='lat' dir='ltr'>diligenter</span> <span class='ocrx_word' id='word_1_257' title='bbox 929 1817 1205 1866; x_wconf 81' lang='lat' dir='ltr'>consideranti</span> <span class='ocrx_word' id='word_1_258' title='bbox 1217 1835 1266 1865; x_wconf 91' lang='lat' dir='ltr'>ea</span> <span class='ocrx_word' id='word_1_259' title='bbox 1276 1835 1370 1884; x_wconf 79' lang='lat' dir='ltr'>qua:</span> <span class='ocrx_word' id='word_1_260' title='bbox 1382 1817 1502 1866; x_wconf 88' lang='lat' dir='ltr'>dicit.</span> <span class='ocrx_word' id='word_1_261' title='bbox 1516 1822 1614 1866; x_wconf 87' lang='lat' dir='ltr'>Hac</span> <span class='ocrx_word' id='word_1_262' title='bbox 1624 1823 1754 1866; x_wconf 85' lang='lat' dir='ltr'>etiam</span> <span class='ocrx_word' id='word_1_263' title='bbox 1764 1819 1816 1866; x_wconf 85' lang='lat' dir='ltr'>de</span> <span class='ocrx_word' id='word_1_264' title='bbox 1828 1820 1946 1870; x_wconf 67' lang='lat' dir='ltr'>caula</span> <span class='ocrx_word' id='word_1_265' title='bbox 1956 1825 2000 1868; x_wconf 88' lang='lat' dir='ltr'>in</span> <span class='ocrx_word' id='word_1_266' title='bbox 2010 1820 2174 1868; x_wconf 88' lang='lat' dir='ltr'>duode-</span> 
     </span>
     <span class='ocr_line' id='line_1_25' title="bbox 521 1883 2174 1953; baseline 0 -19"><span class='ocrx_word' id='word_1_267' title='bbox 521 1890 641 1934; x_wconf 86' lang='lat' dir='ltr'>cimo</span> <span class='ocrx_word' id='word_1_268' title='bbox 655 1884 855 1953; x_wconf 83' lang='lat' dir='ltr'>Metaphy</span> <span class='ocrx_word' id='word_1_269' title='bbox 861 1884 1037 1942; x_wconf 83' lang='lat' dir='ltr'>ficae,vbi</span> <span class='ocrx_word' id='word_1_270' title='bbox 1047 1883 1240 1950; x_wconf 86' lang='lat' dir='ltr'>loquitur</span> <span class='ocrx_word' id='word_1_271' title='bbox 1250 1902 1339 1931; x_wconf 88' lang='lat' dir='ltr'>non</span> <span class='ocrx_word' id='word_1_272' title='bbox 1350 1884 1402 1931; x_wconf 88' lang='lat' dir='ltr'>de</span> <span class='ocrx_word' id='word_1_273' title='bbox 1412 1883 1629 1931; x_wconf 78' lang='lat' dir='ltr'>animabus</span> <span class='ocrx_word' id='word_1_274' title='bbox 1644 1883 1872 1934; x_wconf 84' lang='lat' dir='ltr'>hominum</span> <span class='ocrx_word' id='word_1_275' title='bbox 1882 1922 1896 1942; x_wconf 91' lang='lat'>‚</span> <span class='ocrx_word' id='word_1_276' title='bbox 1908 1885 1978 1934; x_wconf 87' lang='lat' dir='ltr'>sed</span> <span class='ocrx_word' id='word_1_277' title='bbox 1989 1886 2042 1934; x_wconf 90' lang='lat' dir='ltr'>de</span> <span class='ocrx_word' id='word_1_278' title='bbox 2052 1884 2174 1934; x_wconf 86' lang='lat' dir='ltr'>intel-</span> 
     </span>
     <span class='ocr_line' id='line_1_26' title="bbox 519 1948 2230 2018; baseline 0.001 -19"><span class='ocrx_word' id='word_1_279' title='bbox 519 1950 902 2018; x_wconf 82' lang='lat' dir='ltr'>ligentiis,dixit,tot</span> <span class='ocrx_word' id='word_1_280' title='bbox 913 1952 1014 2008; x_wconf 85' lang='lat' dir='ltr'>effe,</span> <span class='ocrx_word' id='word_1_281' title='bbox 1029 1966 1139 2017; x_wconf 87' lang='lat' dir='ltr'>quot</span> <span class='ocrx_word' id='word_1_282' title='bbox 1161 1950 1256 1996; x_wconf 89' lang='lat' dir='ltr'>sunt</span> <span class='ocrx_word' id='word_1_283' title='bbox 1275 1965 1420 1997; x_wconf 84' lang='lat' dir='ltr'>motus</span> <span class='ocrx_word' id='word_1_284' title='bbox 1430 1948 1614 1996; x_wconf 77' lang='lat' dir='ltr'>coelestes</span> <span class='ocrx_word' id='word_1_285' title='bbox 1624 1986 1638 2007; x_wconf 92' lang='lat'>,</span> <span class='ocrx_word' id='word_1_286' title='bbox 1649 1950 1704 1998; x_wconf 84' lang='lat' dir='ltr'>ad</span> <span class='ocrx_word' id='word_1_287' title='bbox 1714 1949 1849 2017; x_wconf 85' lang='lat' dir='ltr'>plures</span> <span class='ocrx_word' id='word_1_288' title='bbox 1859 1949 1959 2000; x_wconf 73' lang='lat' dir='ltr'>vero</span> <span class='ocrx_word' id='word_1_289' title='bbox 1972 1956 2078 2000; x_wconf 88' lang='lat' dir='ltr'>ratio</span> <span class='ocrx_word' id='word_1_290' title='bbox 2100 1969 2174 2000; x_wconf 83' lang='lat' dir='ltr'>na-</span> <span class='ocrx_word' id='word_1_291' title='bbox 2219 1953 2230 1966; x_wconf 82' lang='grc'><strong>”</strong></span> 
     </span>
     <span class='ocr_line' id='line_1_27' title="bbox 519 2014 2174 2083; baseline 0.001 -18"><span class='ocrx_word' id='word_1_292' title='bbox 519 2016 661 2066; x_wconf 83' lang='lat' dir='ltr'>ruralis</span> <span class='ocrx_word' id='word_1_293' title='bbox 675 2035 763 2064; x_wconf 88' lang='lat' dir='ltr'>non</span> <span class='ocrx_word' id='word_1_294' title='bbox 785 2021 917 2083; x_wconf 86' lang='lat' dir='ltr'>pertin</span> <span class='ocrx_word' id='word_1_295' title='bbox 949 2020 980 2063; x_wconf 81' lang='lat' dir='ltr'>‘t</span> <span class='ocrx_word' id='word_1_296' title='bbox 1003 2034 1075 2083; x_wconf 88' lang='lat' dir='ltr'>per</span> <span class='ocrx_word' id='word_1_297' title='bbox 1099 2014 1399 2065; x_wconf 85' lang='lat' dir='ltr'>certitudinem</span> <span class='ocrx_word' id='word_1_298' title='bbox 1411 2052 1422 2062; x_wconf 91' lang='lat'><em>.</em></span> <span class='ocrx_word' id='word_1_299' title='bbox 1449 2018 1544 2062; x_wconf 87' lang='lat' dir='ltr'>Nec</span> <span class='ocrx_word' id='word_1_300' title='bbox 1557 2031 1698 2062; x_wconf 86' lang='lat' dir='ltr'>tamen</span> <span class='ocrx_word' id='word_1_301' title='bbox 1708 2032 1927 2083; x_wconf 85' lang='lat' dir='ltr'>propterea</span> <span class='ocrx_word' id='word_1_302' title='bbox 1947 2019 2174 2066; x_wconf 79' lang='lat' dir='ltr'>affeueran-</span> 
     </span>
     <span class='ocr_line' id='line_1_28' title="bbox 523 2034 2174 2148; baseline 0.001 -18"><span class='ocrx_word' id='word_1_303' title='bbox 523 2084 631 2130; x_wconf 87' lang='lat' dir='ltr'>dum</span> <span class='ocrx_word' id='word_1_304' title='bbox 643 2083 701 2130; x_wconf 90' lang='lat' dir='ltr'>est</span> <span class='ocrx_word' id='word_1_305' title='bbox 713 2100 799 2129; x_wconf 88' lang='lat' dir='ltr'>non</span> <span class='ocrx_word' id='word_1_306' title='bbox 813 2081 893 2129; x_wconf 83' lang='lat' dir='ltr'>effe</span> <span class='ocrx_word' id='word_1_307' title='bbox 901 2034 1151 2148; x_wconf 40' lang='lat' dir='ltr'>plin-eszquia</span> <span class='ocrx_word' id='word_1_308' title='bbox 1162 2079 1270 2128; x_wconf 86' lang='lat' dir='ltr'>hanc</span> <span class='ocrx_word' id='word_1_309' title='bbox 1280 2085 1520 2146; x_wconf 84' lang='lat' dir='ltr'>negatiuam</span> <span class='ocrx_word' id='word_1_310' title='bbox 1532 2098 1620 2128; x_wconf 85' lang='lat' dir='ltr'>non</span> <span class='ocrx_word' id='word_1_311' title='bbox 1630 2082 1886 2130; x_wconf 88' lang='lat' dir='ltr'>demonstrat</span> <span class='ocrx_word' id='word_1_312' title='bbox 1898 2087 2002 2131; x_wconf 86' lang='lat' dir='ltr'>ratio</span> <span class='ocrx_word' id='word_1_313' title='bbox 2014 2099 2174 2131; x_wconf 89' lang='lat' dir='ltr'>natura-</span> 
     </span>
     <span class='ocr_line' id='line_1_29' title="bbox 521 2145 2172 2215; baseline 0 -19"><span class='ocrx_word' id='word_1_314' title='bbox 521 2147 573 2196; x_wconf 82' lang='lat' dir='ltr'>lis</span> <span class='ocrx_word' id='word_1_315' title='bbox 585 2170 595 2195; x_wconf 90' lang='lat'>:</span> <span class='ocrx_word' id='word_1_316' title='bbox 607 2147 889 2215; x_wconf 87' lang='lat' dir='ltr'>quamobrem</span> <span class='ocrx_word' id='word_1_317' title='bbox 900 2152 943 2194; x_wconf 89' lang='lat' dir='ltr'>in</span> <span class='ocrx_word' id='word_1_318' title='bbox 957 2145 1121 2195; x_wconf 81' lang='lat' dir='ltr'>coloro</span> <span class='ocrx_word' id='word_1_319' title='bbox 1136 2147 1237 2194; x_wconf 88' lang='lat' dir='ltr'>dicit</span> <span class='ocrx_word' id='word_1_320' title='bbox 1248 2145 1490 2194; x_wconf 82' lang='lat' dir='ltr'>rationabile</span> <span class='ocrx_word' id='word_1_321' title='bbox 1502 2146 1560 2194; x_wconf 87' lang='lat' dir='ltr'>est</span> <span class='ocrx_word' id='word_1_322' title='bbox 1580 2162 1648 2194; x_wconf 91' lang='lat' dir='ltr'>tot</span> <span class='ocrx_word' id='word_1_323' title='bbox 1668 2149 1770 2195; x_wconf 85' lang='lat' dir='ltr'>effe:</span> <span class='ocrx_word' id='word_1_324' title='bbox 1784 2149 2050 2198; x_wconf 78' lang='lat' dir='ltr'>necess&#39;arium</span> <span class='ocrx_word' id='word_1_325' title='bbox 2070 2148 2172 2198; x_wconf 70' lang='lat' dir='ltr'>vero</span> 
     </span>
     <span class='ocr_line' id='line_1_30' title="bbox 523 2210 2174 2280; baseline 0.001 -19"><span class='ocrx_word' id='word_1_326' title='bbox 523 2215 771 2267; x_wconf 76' lang='lat' dir='ltr'>fortioribus</span> <span class='ocrx_word' id='word_1_327' title='bbox 784 2212 1037 2280; x_wconf 84' lang='lat' dir='ltr'>relinquatur</span> <span class='ocrx_word' id='word_1_328' title='bbox 1049 2250 1059 2261; x_wconf 88' lang='lat'>.</span> <span class='ocrx_word' id='word_1_329' title='bbox 1077 2216 1288 2272; x_wconf 82' lang='lat' dir='ltr'>Qamuis</span> <span class='ocrx_word' id='word_1_330' title='bbox 1300 2228 1440 2260; x_wconf 84' lang='lat' dir='ltr'>autem</span> <span class='ocrx_word' id='word_1_331' title='bbox 1454 2228 1596 2278; x_wconf 78' lang='lat' dir='ltr'>praeter</span> <span class='ocrx_word' id='word_1_332' title='bbox 1606 2210 1688 2260; x_wconf 81' lang='lat' dir='ltr'>hos</span> <span class='ocrx_word' id='word_1_333' title='bbox 1706 2211 1774 2275; x_wconf 81' lang='lat' dir='ltr'>alij</span> <span class='ocrx_word' id='word_1_334' title='bbox 1786 2218 1910 2262; x_wconf 85' lang='lat' dir='ltr'>etiarn</span> <span class='ocrx_word' id='word_1_335' title='bbox 1922 2212 2007 2262; x_wconf 91' lang='lat' dir='ltr'>loci</span> <span class='ocrx_word' id='word_1_336' title='bbox 2018 2215 2174 2262; x_wconf 82' lang='lat' dir='ltr'>adduci</span> 
     </span>
     <span class='ocr_line' id='line_1_31' title="bbox 555 2276 2172 2345; baseline 0 -18"><span class='ocrx_word' id='word_1_337' title='bbox 555 2279 687 2327; x_wconf 85' lang='lat' dir='ltr'>offent</span> <span class='ocrx_word' id='word_1_338' title='bbox 701 2298 749 2326; x_wconf 86' lang='lat' dir='ltr'>ex</span> <span class='ocrx_word' id='word_1_339' title='bbox 762 2277 1085 2337; x_wconf 48' lang='lat' dir='ltr'>Aristotelzhos</span> <span class='ocrx_word' id='word_1_340' title='bbox 1099 2294 1240 2326; x_wconf 83' lang='lat' dir='ltr'>tamen</span> <span class='ocrx_word' id='word_1_341' title='bbox 1252 2294 1356 2345; x_wconf 87' lang='lat' dir='ltr'>puto</span> <span class='ocrx_word' id='word_1_342' title='bbox 1368 2278 1458 2325; x_wconf 68' lang='lat' dir='ltr'>[atis</span> <span class='ocrx_word' id='word_1_343' title='bbox 1470 2276 1560 2324; x_wconf 79' lang='lat' dir='ltr'>effe:</span> <span class='ocrx_word' id='word_1_344' title='bbox 1570 2282 1630 2324; x_wconf 80' lang='lat' dir='ltr'>Ex</span> <span class='ocrx_word' id='word_1_345' title='bbox 1640 2278 1794 2344; x_wconf 84' lang='lat' dir='ltr'>quibus</span> <span class='ocrx_word' id='word_1_346' title='bbox 1808 2281 2078 2328; x_wconf 85' lang='lat' dir='ltr'>meoiudicio</span> <span class='ocrx_word' id='word_1_347' title='bbox 2090 2279 2172 2327; x_wconf 88' lang='lat' dir='ltr'>col-</span> 
     </span>
     <span class='ocr_line' id='line_1_32' title="bbox 523 2299 2172 2411; baseline 0 -18"><span class='ocrx_word' id='word_1_348' title='bbox 523 2299 669 2411; x_wconf 63' lang='lat' dir='ltr'>ligitur</span> <span class='ocrx_word' id='word_1_349' title='bbox 679 2343 949 2393; x_wconf 78' lang='lat' dir='ltr'>Aristotelem</span> <span class='ocrx_word' id='word_1_350' title='bbox 961 2344 1013 2392; x_wconf 87' lang='lat' dir='ltr'>de</span> <span class='ocrx_word' id='word_1_351' title='bbox 1023 2341 1340 2392; x_wconf 82' lang='lat' dir='ltr'>immortalitate</span> <span class='ocrx_word' id='word_1_352' title='bbox 1350 2348 1498 2391; x_wconf 69' lang='lat' dir='ltr'>animat</span> <span class='ocrx_word' id='word_1_353' title='bbox 1505 2343 1684 2392; x_wconf 86' lang='lat' dir='ltr'>dubium</span> <span class='ocrx_word' id='word_1_354' title='bbox 1694 2362 1784 2392; x_wconf 87' lang='lat' dir='ltr'>non</span> <span class='ocrx_word' id='word_1_355' title='bbox 1794 2344 1910 2393; x_wconf 67' lang='lat' dir='ltr'>fuiff&#39;e</span> <span class='ocrx_word' id='word_1_356' title='bbox 1920 2384 1932 2394; x_wconf 90' lang='lat'><strong>.</strong></span> <span class='ocrx_word' id='word_1_357' title='bbox 1944 2342 2108 2395; x_wconf 73' lang='lat' dir='ltr'>Verum</span> <span class='ocrx_word' id='word_1_358' title='bbox 2118 2345 2172 2393; x_wconf 89' lang='lat' dir='ltr'>de</span> 
     </span>
     <span class='ocr_line' id='line_1_33' title="bbox 526 2410 2174 2478; baseline 0 -20"><span class='ocrx_word' id='word_1_359' title='bbox 526 2416 616 2459; x_wconf 82' lang='lat' dir='ltr'>eius</span> <span class='ocrx_word' id='word_1_360' title='bbox 627 2415 871 2478; x_wconf 82' lang='lat' dir='ltr'>operatione</span> <span class='ocrx_word' id='word_1_361' title='bbox 887 2411 981 2477; x_wconf 88' lang='lat' dir='ltr'>post</span> <span class='ocrx_word' id='word_1_362' title='bbox 991 2426 1189 2458; x_wconf 87' lang='lat' dir='ltr'>mortem:</span> <span class='ocrx_word' id='word_1_363' title='bbox 1203 2428 1256 2456; x_wconf 88' lang='lat' dir='ltr'>an</span> <span class='ocrx_word' id='word_1_364' title='bbox 1268 2410 1482 2457; x_wconf 83' lang='lat' dir='ltr'>antecedat</span> <span class='ocrx_word' id='word_1_365' title='bbox 1502 2428 1654 2475; x_wconf 84' lang='lat' dir='ltr'>corpus</span> <span class='ocrx_word' id='word_1_366' title='bbox 1664 2428 1742 2458; x_wconf 87' lang='lat' dir='ltr'>nec</span> <span class='ocrx_word' id='word_1_367' title='bbox 1752 2428 1922 2458; x_wconf 77' lang='lat' dir='ltr'>nezcum</span> <span class='ocrx_word' id='word_1_368' title='bbox 1932 2416 2040 2460; x_wconf 83' lang='lat' dir='ltr'>ratio</span> <span class='ocrx_word' id='word_1_369' title='bbox 2050 2427 2174 2460; x_wconf 83' lang='lat' dir='ltr'>natu-</span> 
     </span>
     <span class='ocr_line' id='line_1_34' title="bbox 527 2468 2272 2543; baseline 0.001 -19"><span class='ocrx_word' id='word_1_370' title='bbox 527 2475 620 2524; x_wconf 85' lang='lat' dir='ltr'>ralis</span> <span class='ocrx_word' id='word_1_371' title='bbox 633 2476 687 2523; x_wconf 92' lang='lat' dir='ltr'>ad</span> <span class='ocrx_word' id='word_1_372' title='bbox 711 2475 799 2523; x_wconf 83' lang='lat' dir='ltr'>haec</span> <span class='ocrx_word' id='word_1_373' title='bbox 821 2492 895 2543; x_wconf 86' lang='lat' dir='ltr'>per</span> <span class='ocrx_word' id='word_1_374' title='bbox 905 2476 1193 2524; x_wconf 84' lang='lat' dir='ltr'>certitudinem</span> <span class='ocrx_word' id='word_1_375' title='bbox 1215 2493 1306 2522; x_wconf 88' lang='lat' dir='ltr'>non</span> <span class='ocrx_word' id='word_1_376' title='bbox 1346 2479 1448 2522; x_wconf 85' lang='lat' dir='ltr'>ertio</span> <span class='ocrx_word' id='word_1_377' title='bbox 1480 2490 1520 2522; x_wconf 90' lang='lat' dir='ltr'>at</span> <span class='ocrx_word' id='word_1_378' title='bbox 1530 2500 1542 2532; x_wconf 83' lang='lat'>;</span> <span class='ocrx_word' id='word_1_379' title='bbox 1554 2492 1658 2542; x_wconf 84' lang='lat' dir='ltr'>puto</span> <span class='ocrx_word' id='word_1_380' title='bbox 1672 2494 1770 2524; x_wconf 88' lang='lat' dir='ltr'>eum</span> <span class='ocrx_word' id='word_1_381' title='bbox 1780 2476 1896 2524; x_wconf 74' lang='lat' dir='ltr'>finffe</span> <span class='ocrx_word' id='word_1_382' title='bbox 1904 2478 2170 2543; x_wconf 80' lang='lat' dir='ltr'>ambiguum,</span> <span class='ocrx_word' id='word_1_383' title='bbox 2220 2468 2272 2512; x_wconf 77' lang='lat' dir='ltr'>H</span> 
     </span>
     <span class='ocr_line' id='line_1_35' title="bbox 527 2493 2172 2609; baseline 0.001 -20"><span class='ocrx_word' id='word_1_384' title='bbox 527 2558 830 2609; x_wconf 80' lang='lat' dir='ltr'>proptereaque</span> <span class='ocrx_word' id='word_1_385' title='bbox 839 2558 987 2607; x_wconf 83' lang='lat' dir='ltr'>parum</span> <span class='ocrx_word' id='word_1_386' title='bbox 1001 2558 1073 2589; x_wconf 88' lang='lat' dir='ltr'>aut</span> <span class='ocrx_word' id='word_1_387' title='bbox 1085 2540 1187 2588; x_wconf 89' lang='lat' dir='ltr'>nihil</span> <span class='ocrx_word' id='word_1_388' title='bbox 1209 2541 1262 2589; x_wconf 91' lang='lat' dir='ltr'>de</span> <span class='ocrx_word' id='word_1_389' title='bbox 1272 2493 1394 2588; x_wconf 60' lang='lat' dir='ltr'>rebus</span> <span class='ocrx_word' id='word_1_390' title='bbox 1416 2540 1444 2588; x_wconf 88' lang='lat' dir='ltr'>il</span> <span class='ocrx_word' id='word_1_391' title='bbox 1462 2546 1494 2588; x_wconf 85' lang='lat' dir='ltr'>is</span> <span class='ocrx_word' id='word_1_392' title='bbox 1506 2540 1700 2589; x_wconf 86' lang='lat' dir='ltr'>locutum</span> <span class='ocrx_word' id='word_1_393' title='bbox 1712 2540 1828 2590; x_wconf 79' lang='lat' dir='ltr'>fuiss&#39;e</span> <span class='ocrx_word' id='word_1_394' title='bbox 1840 2562 1850 2590; x_wconf 71' lang='grc' dir='ltr'><strong>ε</strong></span> <span class='ocrx_word' id='word_1_395' title='bbox 1864 2562 1954 2590; x_wconf 87' lang='lat' dir='ltr'>non</span> <span class='ocrx_word' id='word_1_396' title='bbox 1964 2548 2076 2590; x_wconf 87' lang='lat' dir='ltr'>enim</span> <span class='ocrx_word' id='word_1_397' title='bbox 2088 2543 2172 2592; x_wconf 87' lang='lat' dir='ltr'>fuit</span> 
     </span>
     <span class='ocr_line' id='line_1_36' title="bbox 525 2605 2174 2676; baseline 0.001 -21"><span class='ocrx_word' id='word_1_398' title='bbox 525 2605 771 2655; x_wconf 81' lang='lat' dir='ltr'>Aristotcles</span> <span class='ocrx_word' id='word_1_399' title='bbox 782 2622 869 2654; x_wconf 87' lang='lat' dir='ltr'>tam</span> <span class='ocrx_word' id='word_1_400' title='bbox 881 2605 1071 2674; x_wconf 71' lang='lat' dir='ltr'>insipiens</span> <span class='ocrx_word' id='word_1_401' title='bbox 1083 2631 1095 2664; x_wconf 74' lang='lat'>3</span> <span class='ocrx_word' id='word_1_402' title='bbox 1107 2607 1474 2672; x_wconf 84' lang='lat' dir='ltr'>quemadmodum</span> <span class='ocrx_word' id='word_1_403' title='bbox 1486 2605 1608 2654; x_wconf 77' lang='lat' dir='ltr'>multi</span> <span class='ocrx_word' id='word_1_404' title='bbox 1618 2625 1668 2654; x_wconf 84' lang='lat' dir='ltr'>ex</span> <span class='ocrx_word' id='word_1_405' title='bbox 1678 2605 1742 2654; x_wconf 85' lang='lat' dir='ltr'>his</span> <span class='ocrx_word' id='word_1_406' title='bbox 1752 2644 1766 2665; x_wconf 86' lang='lat'><strong>,</strong></span> <span class='ocrx_word' id='word_1_407' title='bbox 1778 2614 1854 2674; x_wconf 84' lang='lat' dir='ltr'>qui</span> <span class='ocrx_word' id='word_1_408' title='bbox 1864 2626 1976 2656; x_wconf 86' lang='lat' dir='ltr'>nunc</span> <span class='ocrx_word' id='word_1_409' title='bbox 1986 2608 2174 2676; x_wconf 82' lang='lat' dir='ltr'>philoso-</span> 
     </span>
     <span class='ocr_line' id='line_1_37' title="bbox 527 2670 2170 2740; baseline 0.001 -20"><span class='ocrx_word' id='word_1_410' title='bbox 527 2673 707 2740; x_wconf 84' lang='lat' dir='ltr'>phantur</span> <span class='ocrx_word' id='word_1_411' title='bbox 717 2697 727 2728; x_wconf 70' lang='grc' dir='ltr'>ς</span> <span class='ocrx_word' id='word_1_412' title='bbox 739 2688 783 2720; x_wconf 76' lang='lat' dir='ltr'>vt</span> <span class='ocrx_word' id='word_1_413' title='bbox 795 2689 959 2739; x_wconf 81' lang='lat' dir='ltr'>putaret</span> <span class='ocrx_word' id='word_1_414' title='bbox 967 2673 1171 2739; x_wconf 86' lang='lat' dir='ltr'>quicquid</span> <span class='ocrx_word' id='word_1_415' title='bbox 1183 2670 1352 2720; x_wconf 74' lang='lat' dir='ltr'>nesciret</span> <span class='ocrx_word' id='word_1_416' title='bbox 1364 2672 1446 2739; x_wconf 86' lang='lat' dir='ltr'>ipse</span> <span class='ocrx_word' id='word_1_417' title='bbox 1456 2690 1544 2720; x_wconf 87' lang='lat' dir='ltr'>non</span> <span class='ocrx_word' id='word_1_418' title='bbox 1556 2672 1634 2720; x_wconf 86' lang='lat' dir='ltr'>effe</span> <span class='ocrx_word' id='word_1_419' title='bbox 1643 2709 1656 2730; x_wconf 86' lang='lat'>‚</span> <span class='ocrx_word' id='word_1_420' title='bbox 1670 2678 1728 2721; x_wconf 85' lang='lat' dir='ltr'>ita</span> <span class='ocrx_word' id='word_1_421' title='bbox 1738 2690 1784 2722; x_wconf 72' lang='lat' dir='ltr'>vt</span> <span class='ocrx_word' id='word_1_422' title='bbox 1792 2678 2008 2722; x_wconf 83' lang='lat' dir='ltr'>metiretur</span> <span class='ocrx_word' id='word_1_423' title='bbox 2020 2676 2098 2724; x_wconf 78' lang='lat' dir='ltr'>effi:</span> <span class='ocrx_word' id='word_1_424' title='bbox 2108 2694 2170 2722; x_wconf 87' lang='lat' dir='ltr'>re-</span> 
     </span>
     <span class='ocr_line' id='line_1_38' title="bbox 527 2735 2172 2806; baseline 0.001 -19"><span class='ocrx_word' id='word_1_425' title='bbox 527 2757 623 2788; x_wconf 87' lang='lat' dir='ltr'>rum</span> <span class='ocrx_word' id='word_1_426' title='bbox 637 2738 705 2785; x_wconf 89' lang='lat' dir='ltr'>sua</span> <span class='ocrx_word' id='word_1_427' title='bbox 719 2742 963 2803; x_wconf 87' lang='lat' dir='ltr'>cognitione</span> <span class='ocrx_word' id='word_1_428' title='bbox 975 2756 1023 2785; x_wconf 86' lang='lat' dir='ltr'>ac</span> <span class='ocrx_word' id='word_1_429' title='bbox 1034 2739 1199 2785; x_wconf 85' lang='lat' dir='ltr'>scientia</span> <span class='ocrx_word' id='word_1_430' title='bbox 1209 2776 1219 2785; x_wconf 91' lang='lat'><strong>.</strong></span> <span class='ocrx_word' id='word_1_431' title='bbox 1232 2735 1322 2786; x_wconf 60' lang='lat' dir='ltr'>imi&gt;</span> <span class='ocrx_word' id='word_1_432' title='bbox 1332 2756 1410 2786; x_wconf 85' lang='lat' dir='ltr'>nec</span> <span class='ocrx_word' id='word_1_433' title='bbox 1430 2736 1602 2786; x_wconf 84' lang='lat' dir='ltr'>naturali</span> <span class='ocrx_word' id='word_1_434' title='bbox 1624 2738 1812 2786; x_wconf 82' lang='lat' dir='ltr'>hominis</span> <span class='ocrx_word' id='word_1_435' title='bbox 1824 2744 2070 2806; x_wconf 84' lang='lat' dir='ltr'>cognitione</span> <span class='ocrx_word' id='word_1_436' title='bbox 2079 2758 2172 2788; x_wconf 86' lang='lat' dir='ltr'>me·-</span> 
     </span>
     <span class='ocr_line' id='line_1_39' title="bbox 527 2802 2170 2870; baseline 0.001 -18"><span class='ocrx_word' id='word_1_437' title='bbox 527 2805 813 2861; x_wconf 71' lang='lat' dir='ltr'>tiendum,esse</span> <span class='ocrx_word' id='word_1_438' title='bbox 823 2821 963 2850; x_wconf 85' lang='lat' dir='ltr'>rerum</span> <span class='ocrx_word' id='word_1_439' title='bbox 973 2803 1071 2850; x_wconf 85' lang='lat' dir='ltr'>dicit</span> <span class='ocrx_word' id='word_1_440' title='bbox 1083 2803 1165 2870; x_wconf 87' lang='lat' dir='ltr'>ipsc</span> <span class='ocrx_word' id='word_1_441' title='bbox 1176 2808 1219 2850; x_wconf 88' lang='lat' dir='ltr'>in</span> <span class='ocrx_word' id='word_1_442' title='bbox 1230 2802 1332 2850; x_wconf 86' lang='lat' dir='ltr'>locis</span> <span class='ocrx_word' id='word_1_443' title='bbox 1346 2802 1688 2869; x_wconf 77' lang='lat' dir='ltr'>plurimisznullus</span> <span class='ocrx_word' id='word_1_444' title='bbox 1700 2822 1802 2870; x_wconf 85' lang='lat' dir='ltr'>ergo</span> <span class='ocrx_word' id='word_1_445' title='bbox 1814 2810 1984 2854; x_wconf 85' lang='lat' dir='ltr'>miretur</span> <span class='ocrx_word' id='word_1_446' title='bbox 1992 2806 2023 2853; x_wconf 78' lang='lat' dir='ltr'>si</span> <span class='ocrx_word' id='word_1_447' title='bbox 2036 2806 2088 2854; x_wconf 88' lang='lat' dir='ltr'>de</span> <span class='ocrx_word' id='word_1_448' title='bbox 2098 2806 2170 2854; x_wconf 88' lang='lat' dir='ltr'>sta-</span> 
     </span>
     <span class='ocr_line' id='line_1_40' title="bbox 527 2867 2170 2938; baseline 0 -20"><span class='ocrx_word' id='word_1_449' title='bbox 527 2887 575 2918; x_wconf 88' lang='lat' dir='ltr'>tu</span> <span class='ocrx_word' id='word_1_450' title='bbox 587 2874 821 2917; x_wconf 86' lang='lat' dir='ltr'>animarum</span> <span class='ocrx_word' id='word_1_451' title='bbox 835 2870 929 2935; x_wconf 83' lang='lat' dir='ltr'>post</span> <span class='ocrx_word' id='word_1_452' title='bbox 947 2884 1133 2916; x_wconf 85' lang='lat' dir='ltr'>mortem</span> <span class='ocrx_word' id='word_1_453' title='bbox 1153 2867 1320 2916; x_wconf 82' lang='lat' dir='ltr'>locutus</span> <span class='ocrx_word' id='word_1_454' title='bbox 1336 2887 1422 2916; x_wconf 88' lang='lat' dir='ltr'>non</span> <span class='ocrx_word' id='word_1_455' title='bbox 1438 2870 1518 2917; x_wconf 88' lang='lat' dir='ltr'>est:</span> <span class='ocrx_word' id='word_1_456' title='bbox 1532 2875 1724 2936; x_wconf 86' lang='lat' dir='ltr'>quamuis</span> <span class='ocrx_word' id='word_1_457' title='bbox 1736 2875 1888 2937; x_wconf 78' lang='lat' dir='ltr'>putarit</span> <span class='ocrx_word' id='word_1_458' title='bbox 1906 2877 2064 2920; x_wconf 83' lang='lat' dir='ltr'>animas</span> <span class='ocrx_word' id='word_1_459' title='bbox 2074 2872 2170 2938; x_wconf 76' lang='lat' dir='ltr'>post</span> 
     </span>
     <span class='ocr_line' id='line_1_41' title="bbox 525 2932 2166 3002; baseline 0.001 -19"><span class='ocrx_word' id='word_1_460' title='bbox 525 2951 713 2984; x_wconf 87' lang='lat' dir='ltr'>mortem</span> <span class='ocrx_word' id='word_1_461' title='bbox 723 2934 1069 3002; x_wconf 76' lang='lat' dir='ltr'>remanere2quod</span> <span class='ocrx_word' id='word_1_462' title='bbox 1079 2932 1109 2981; x_wconf 82' lang='lat' dir='ltr'>fi</span> <span class='ocrx_word' id='word_1_463' title='bbox 1119 2936 1293 3001; x_wconf 75' lang='lat' dir='ltr'>putass&#39;et</span> <span class='ocrx_word' id='word_1_464' title='bbox 1305 2970 1318 2993; x_wconf 93' lang='lat'>,</span> <span class='ocrx_word' id='word_1_465' title='bbox 1327 2953 1392 2982; x_wconf 83' lang='lat' dir='ltr'>eas</span> <span class='ocrx_word' id='word_1_466' title='bbox 1407 2936 1499 3002; x_wconf 87' lang='lat' dir='ltr'>post</span> <span class='ocrx_word' id='word_1_467' title='bbox 1520 2952 1706 2984; x_wconf 85' lang='lat' dir='ltr'>mortem</span> <span class='ocrx_word' id='word_1_468' title='bbox 1726 2954 1816 2984; x_wconf 85' lang='lat' dir='ltr'>non</span> <span class='ocrx_word' id='word_1_469' title='bbox 1826 2953 2052 2995; x_wconf 83' lang='lat' dir='ltr'>remanere,</span> <span class='ocrx_word' id='word_1_470' title='bbox 2062 2934 2166 2984; x_wconf 87' lang='lat' dir='ltr'>nulli</span> 
     </span>
     <span class='ocr_line' id='line_1_42' title="bbox 525 2998 2166 3070; baseline 0 -20"><span class='ocrx_word' id='word_1_471' title='bbox 525 3002 705 3050; x_wconf 85' lang='lat' dir='ltr'>dubium</span> <span class='ocrx_word' id='word_1_472' title='bbox 719 2998 819 3048; x_wconf 71' lang='lat' dir='ltr'>cum</span> <span class='ocrx_word' id='word_1_473' title='bbox 831 3019 977 3049; x_wconf 84' lang='lat' dir='ltr'>ornnes</span> <span class='ocrx_word' id='word_1_474' title='bbox 989 3001 1075 3048; x_wconf 87' lang='lat' dir='ltr'>fere</span> <span class='ocrx_word' id='word_1_475' title='bbox 1085 2998 1286 3066; x_wconf 78' lang='lat' dir='ltr'>oppofitsi</span> <span class='ocrx_word' id='word_1_476' title='bbox 1298 3001 1510 3048; x_wconf 84' lang='lat' dir='ltr'>crederent</span> <span class='ocrx_word' id='word_1_477' title='bbox 1520 3002 1780 3066; x_wconf 82' lang='lat' dir='ltr'>temporibus</span> <span class='ocrx_word' id='word_1_478' title='bbox 1796 3002 2166 3070; x_wconf 76' lang='lat' dir='ltr'>Aristotelis‚quod</span> 
     </span>
     <span class='ocr_line' id='line_1_43' title="bbox 525 3062 2166 3135; baseline -0.001 -19"><span class='ocrx_word' id='word_1_479' title='bbox 525 3073 572 3116; x_wconf 86' lang='lat' dir='ltr'>in</span> <span class='ocrx_word' id='word_1_480' title='bbox 582 3084 681 3115; x_wconf 87' lang='lat' dir='ltr'>eum</span> <span class='ocrx_word' id='word_1_481' title='bbox 693 3072 917 3130; x_wconf 83' lang='lat' dir='ltr'>retorqueri</span> <span class='ocrx_word' id='word_1_482' title='bbox 929 3068 1061 3133; x_wconf 82' lang='lat' dir='ltr'>posset</span> <span class='ocrx_word' id='word_1_483' title='bbox 1071 3062 1177 3113; x_wconf 83' lang='lat' dir='ltr'>ratio</span> <span class='ocrx_word' id='word_1_484' title='bbox 1187 3091 1199 3123; x_wconf 87' lang='lat'>;</span> <span class='ocrx_word' id='word_1_485' title='bbox 1211 3083 1342 3132; x_wconf 84' lang='lat' dir='ltr'>quam</span> <span class='ocrx_word' id='word_1_486' title='bbox 1358 3067 1528 3114; x_wconf 85' lang='lat' dir='ltr'>adducit</span> <span class='ocrx_word' id='word_1_487' title='bbox 1551 3067 1634 3133; x_wconf 86' lang='lat' dir='ltr'>ipse</span> <span class='ocrx_word' id='word_1_488' title='bbox 1658 3072 1702 3114; x_wconf 88' lang='lat' dir='ltr'>in</span> <span class='ocrx_word' id='word_1_489' title='bbox 1712 3068 1866 3116; x_wconf 78' lang='lat' dir='ltr'>secfido</span> <span class='ocrx_word' id='word_1_490' title='bbox 1890 3068 2166 3135; x_wconf 79' lang='lat' dir='ltr'>Phyficorum</span> 
     </span>
     <span class='ocr_line' id='line_1_44' title="bbox 529 3130 2166 3200; baseline 0 -18"><span class='ocrx_word' id='word_1_491' title='bbox 529 3150 679 3182; x_wconf 84' lang='lat' dir='ltr'>contra</span> <span class='ocrx_word' id='word_1_492' title='bbox 689 3137 885 3199; x_wconf 85' lang='lat' dir='ltr'>antiquos</span> <span class='ocrx_word' id='word_1_493' title='bbox 897 3167 911 3189; x_wconf 89' lang='lat'>,</span> <span class='ocrx_word' id='word_1_494' title='bbox 921 3137 995 3200; x_wconf 87' lang='lat' dir='ltr'>qui</span> <span class='ocrx_word' id='word_1_495' title='bbox 1005 3132 1059 3181; x_wconf 91' lang='lat' dir='ltr'>de</span> <span class='ocrx_word' id='word_1_496' title='bbox 1079 3132 1173 3180; x_wconf 87' lang='lat' dir='ltr'>casu</span> <span class='ocrx_word' id='word_1_497' title='bbox 1187 3140 1230 3180; x_wconf 71' lang='grc' dir='ltr'>δι</span> <span class='ocrx_word' id='word_1_498' title='bbox 1244 3130 1412 3180; x_wconf 83' lang='lat' dir='ltr'>fortuna</span> <span class='ocrx_word' id='word_1_499' title='bbox 1432 3137 1694 3188; x_wconf 81' lang='lat' dir='ltr'>mentionem</span> <span class='ocrx_word' id='word_1_500' title='bbox 1711 3151 1800 3182; x_wconf 85' lang='lat' dir='ltr'>non</span> <span class='ocrx_word' id='word_1_501' title='bbox 1810 3134 2016 3194; x_wconf 86' lang='lat' dir='ltr'>fecerunt,</span> <span class='ocrx_word' id='word_1_502' title='bbox 2028 3138 2166 3200; x_wconf 88' lang='lat' dir='ltr'>inquit</span> 
     </span>
    </p>
   </div>
   <div class='ocr_carea' id='block_1_3' title="bbox 2035 3206 2163 3250">
    <p class='ocr_par' dir='ltr' id='par_1_3' title="bbox 2035 3206 2163 3250">
     <span class='ocr_line' id='line_1_45' title="bbox 2035 3206 2163 3250; baseline -0.008 -1"><span class='ocrx_word' id='word_1_503' title='bbox 2035 3206 2163 3250; x_wconf 82' lang='lat' dir='ltr'>enim.</span> 
     </span>
    </p>
   </div>
  </div>
 </body>
</html>
