2455 3671
651 258 1030 336 LIBER
1085 261 1673 360 va-rvs.
1955 275 2051 362 87

239 393 282 440 Α
308 387 425 429 cam.
436 387 529 440 quae
535 369 757 421 inchoatio
767 371 963 439 qnaedam
974 370 1032 420 est
1043 369 1216 439 perse&
1227 370 1397 420 luminis
1410 409 1421 420 .
1444 375 1612 421 Etenim
1622 375 1737 422 astus
1752 381 1795 423 δε
1813 389 1964 441 poten-

307 443 366 487 tia
377 444 551 507 pertinet
571 438 625 486 ad
635 440 751 486 idem
772 455 901 504 genus
915 474 926 487 .
946 434 1060 485 cum
1072 455 1173 504 ergo
1184 443 1254 486 aet
1268 446 1311 487 δι
1323 435 1432 504 'aqua
1450 437 1654 504 diaphana
1668 438 1746 488 (int
1757 458 1961 508 corpora;

304 521 452 553 natura
462 503 521 552 sui
534 503 748 570 quandam
758 503 915 552 habent
933 501 1104 552 luminis
1117 502 1437 552 inchoationem
1452 523 1462 550 ε
1476 522 1561 571 qua
1572 520 1682 553 caret
1703 520 1807 555 terra
1817 543 1828 554 .
1854 510 1967 555 Haee

304 567 408 619 vero
428 568 693 638 perspicuitas
714 568 887 618 illorum
907 586 1136 638 corporum
1159 569 1212 617 ab
1227 575 1448 619 extrinieca
1468 569 1565 619 luce
1577 570 1809 638 perflatur.
1828 577 1964 623 Sicuti

304 652 408 702 ergo
429 640 538 702 ignis
549 637 610 684 ob
619 637 681 684 sui
701 642 908 685 raritatem
919 653 1007 683 non
1020 633 1132 683 lucet
1141 672 1155 694 ,
1167 634 1357 684 densatus
1374 653 1515 684 autem
1531 645 1574 684 δε
1589 640 1758 685 coactus
1771 650 1815 689 sn
1827 655 1962 687 vnum

303 700 443 752 lucere
452 706 599 769 incipit
607 738 621 759 ,
636 700 838 751 &lumen
849 705 1041 749 emittere
1054 722 1064 747 ε
1079 705 1133 750 ita
1147 708 1216 749 ae'r
1236 698 1477 768 aquet'tsque
1488 720 1621 769 vapor
1630 738 1645 760 ,
1657 699 1760 751 cum
1782 701 1964 752 habeant

301 767 626 816 inchoationem
633 768 818 835 quidam
828 783 985 816 natura:
997 766 1269 820 luminis‚non
1285 783 1427 815 autem
1441 767 1744 835 persedionem
1759 767 1962 836 aliquam,

301 838 466 900 vtignis
479 857 492 891 3
503 830 602 882 cum
613 849 702 882 rara
717 833 811 881 sunt
821 869 835 891 ,
847 848 985 898 neque
995 831 1133 881 lucem
1146 838 1346 880 emittunt
1356 870 1369 891 ,
1383 851 1519 900 neque
1541 833 1678 883 colori
1691 839 1831 901 peruia
1853 834 1960 884 fisum

301 902 347 948 in
358 917 449 967 quo
461 899 660 948 deficiunt
670 899 721 947 ab
733 903 830 966 igne
839 935 853 958 ,
865 905 939 965 qui
951 899 1011 947 sui
1021 914 1165 946 natura
1175 903 1270 947 astu
1283 899 1512 966 diapbanus
1527 901 1596 948 est.
1612 906 1672 948 At
1683 898 1781 948 curn
1795 917 1960 949 vtrum-

336 982 389 1012 ue
411 982 561 1015 eorum
584 982 814 1033 corporum
828 1001 842 1023 ,
853 971 921 1012 aer
941 969 1114 1032 inquam
1140 974 1183 1013 δε
1206 982 1337 1032 aqua,
1352 965 1570 1013 densatum
1583 966 1706 1014 fuerit
1716 990 1728 1024 ;
1738 985 1828 1014 non
1842 986 1961 1034 cqui-

302 983 402 1078 dem
415 1031 526 1080 lucet
535 1066 549 1089 ‚
560 1048 632 1080 aut
644 1031 789 1081 lumen
800 1034 953 1079 emittit
963 1067 977 1089 ,
989 1030 1109 1098 quod
1120 1029 1218 1079 facit
1239 1035 1345 1096 ignis
1359 1050 1370 1077 ι
1384 1030 1451 1080 scd
1463 1032 1523 1079 ob
1543 1031 1872 1098 perspicuitatem
1885 1070 1897 1089 ‚
1912 1034 1959 1081 id

302 1098 384 1155 est,
397 1114 585 1146 naturam
596 1096 767 1146 luminis
782 1096 1024 1145 inchoatam
1036 1095 1273 1144 efficiuntur
1283 1095 1471 1144 colorata
1483 1117 1535 1144 eo
1550 1098 1694 1145 colore
1704 1134 1717 1156 ,
1731 1116 1806 1165 qut
1817 1101 1868 1146 ad
1881 1118 1958 1147 na-

300 1178 438 1211 turam
459 1161 629 1211 luminis
642 1164 824 1212 maxime
834 1163 1018 1218 accedit,
1038 1163 1221 1211 candore
1243 1167 1417 1229 inquam
1433 1171 1473 1210 ὰ
1491 1163 1682 1211 albedme
1693 1201 1703 1211 .
1748 1169 1850 1212 H‘aec
1866 1183 1956 1213 non

298 1227 582 1279 incommode
599 1228 709 1277 mihi
728 1230 925 1278 videntur
942 1228 1026 1276 dici
1043 1228 1158 1295 poffe
1179 1229 1298 1295 super
1319 1227 1397 1275 hac
1420 1230 1667 1294 quoestrone.
1693 1228 1832 1278 Altera
1848 1229 1951 1278 veto

299 1294 408 1344 mihi
428 1293 776 1360 longi-„difficilior
786 1295 949 1343 videtur
959 1297 1038 1342 esse
1050 1300 1093 1342 in
1105 1312 1157 1342 eo
1167 1330 1181 1352 ,
1193 1290 1313 1361 quod
1328 1294 1570 1343 Aristoteles
1581 1296 1718 1344 statuit
1732 1313 1881 1344 tertam
1893 1297 1955 1346 sui

299 1378 445 1409 natura
467 1361 544 1408 effe
555 1358 800 1420 candidam,
816 1369 858 1408 &
881 1358 1073 1408 colorem
1095 1366 1137 1408 ni
1168 1360 1366 1407 rumfieti
1388 1366 1622 1408 mutatione
1644 1379 1782 1427 aquae‚
1800 1366 1865 1410 seu
1880 1380 1953 1410 va-

298 1430 414 1495 poris
435 1431 559 1494 aquei
577 1432 621 1475 in
633 1425 858 1474 ficcitatem
871 1464 881 1475 .
899 1430 1015 1474 Nam
1037 1425 1068 1473 fi
1080 1378 1202 1474 cosor
1219 1423 1269 1473 fit
1282 1424 1476 1473 vitimum
1500 1426 1696 1493 diaphani
1718 1433 1946 1485 terminati3

298 1508 414 1540 rerrae
423 1490 524 1540 vero
533 1509 681 1541 natura
700 1490 884 1540 maxime
895 1508 1061 1540 remota
1071 1490 1121 1539 fit
1141 1490 1165 1539 εἰ
1176 1490 1464 1558 perspicuitate
1476 1493 1534 1538 ob
1548 1493 1608 1540 sui
1630 1510 1731 1559 opat
1738 1498 1882 1540 itatem
1901 1502 1948 1543 δε

298 1557 545 1607 densitatem
555 1583 567 1617 ς
579 1557 767 1624 quonam
780 1562 905 1626 pasto
916 1562 1069 1624 poterit
1080 1574 1195 1605 terrae
1218 1574 1373 1604 natutae
1384 1558 1552 1611 attribui
1565 1557 1678 1606 colon
1688 1563 1718 1605 is
1731 1593 1744 1611 ‚
1756 1567 1830 1625 qui
1852 1564 1896 1606 in
1908 1558 1950 1607 se

299 1630 500 1672 omnium
519 1623 705 1673 maxime
723 1623 865 1672 lumen
877 1628 1087 1671 contineat
1099 1622 1276 1680 ‚albedo
1290 1621 1440 1671 scilicet
1468 1632 1511 1671 &
1524 1624 1681 1671 candor
1695 1636 1708 1672 ἓ
1724 1629 1828 1672 Item
1853 1624 1949 1672 sub-

298 1694 434 1738 oritur
443 1690 520 1738 alia
532 1692 706 1758 quaestio
718 1726 732 1748 ‚
744 1707 829 1757 qua
850 1695 1009 1737 ratione
1022 1690 1110 1736 fieri
1131 1685 1255 1756 possit
1265 1725 1279 1746 ‚
1292 1703 1335 1736 vt
1348 1706 1456 1755 aqua
1467 1687 1683 1737 siccescens
1697 1688 1896 1739 efficiatur
1905 1710 1949 1738 a-

224 1770 266 1814 c
298 1771 371 1804 tra.
384 1760 503 1805 Nam
516 1755 547 1804 fi
559 1774 672 1804 terra:
682 1771 828 1804 natura
841 1755 1017 1803 candida
1028 1755 1103 1812 est3
1117 1759 1221 1820 ignis
1235 1759 1336 1801 item
1348 1753 1562 1812 flauus‚vel
1575 1754 1798 1813 lucidu5‚&
1818 1756 1951 1824 splen-

298 1822 424 1880 dens·;
435 1826 478 1871 in
489 1821 557 1870 illa
571 1826 826 1880 mutatione,
838 1839 921 1889 qua
933 1839 1042 1889 aqua
1053 1821 1183 1869 tendit
1196 1821 1248 1868 ad
1260 1835 1446 1867 naturam
1462 1837 1596 1878 tertae,
1609 1820 1693 1868 flue
1706 1839 1892 1870 mutetur
1904 1828 1948 1871 vi

301 1891 311 1900 ‘
343 1886 577 1942 nis,fiuevi
598 1886 694 1936 ficei
713 1887 918 1936 alterantis
942 1904 1122 1953 aquam,
1137 1882 1236 1934 cum
1259 1904 1382 1952 agens
1404 1904 1535 1935 omne
1555 1886 1678 1935 faciat
1691 1889 1845 1954 passum
1868 1889 1948 1937 sibi

296 1906 606 2011 iigmilemescio
617 1971 698 2020 ego
711 1954 935 2020 perspicere
956 1949 1177 2018 &quonam
1198 1952 1271 1999 fiat
1288 1952 1462 2017 nigredo
1484 1950 1684 2009 illa‚cun1
1698 1962 1739 2000 &
1755 1970 1808 2000 tet
1819 1973 1858 2001 ta
1871 1972 1944 2001 na·-

295 2034 388 2066 tura
410 2018 460 2066 sit
471 2019 667 2076 candida,
682 2027 723 2066 ’δι
738 2024 843 2084 ignis
885 2017 1073 2084 Iusquam
1085 2018 1286 2064 candidus
1299 2042 1310 2074 3
1323 2016 1504 2083 splendet
1523 2024 1633 2065 enim
1648 2055 1658 2066 .
1674 2019 1872 2084 equidem
1882 2038 1947 2066 m-

295 2082 432 2149 gcnue
450 2086 585 2131 fateor
603 2085 847 2151 quaestiones
892 2102 934 2131 as
955 2082 1064 2131 mihi
1075 2081 1322 2130 difficilimas
1344 2084 1474 2130 videri
1487 2084 1618 2140 ,adeo
1632 2100 1674 2131 vt
1697 2090 1738 2131 in
1760 2086 1832 2132 dui
1850 2091 1945 2134 ium

293 2150 403 2198 mihi
423 2162 622 2197 reuocent
643 2167 729 2197 non
750 2150 955 2197 iudicium
979 2146 1213 2196 Aristotelis
1227 2185 1240 2206 ,
1254 2148 1320 2195 sed
1342 2153 1556 2196 auctorem
1574 2155 1708 2216 operis
1724 2150 1831 2197 illius
1846 2171 1854 2199 =
1872 2170 1946 2198 ne-

293 2213 465 2282 scioque
476 2234 527 2263 an
539 2212 644 2264 Falso.
655 2232 816 2262 nomen
827 2214 1057 2263 Aristotelis
1070 2214 1324 2280 adscriptum
1336 2214 1468 2262 fuerit.
1487 2220 1632 2276 Qare
1645 2222 1854 2282 peritiores
1872 2235 1944 2264 me

293 2279 457 2328 soluent
479 2281 551 2328 has
564 2282 807 2348 quaestiones
821 2315 831 2328 .
854 2285 944 2346 Ego
956 2278 1057 2328 vero
1076 2284 1215 2346 potius
1238 2279 1428 2328 sentirem
1443 2278 1489 2338 (si
1508 2279 1634 2329 libera
1646 2281 1751 2329 mihi
1774 2282 1942 2330 daretur

293 2351 432 2412 optio)
446 2364 597 2394 terram
615 2344 671 2393 sui
694 2364 837 2394 natura
849 2347 927 2394 effe
947 2343 1129 2393 maxime
1143 2345 1406 2393 tenebrosam
1421 2354 1463 2393 δε
1474 2363 1683 2394 carentem
1702 2347 1860 2394 lumine
1870 2373 1880 2406 3
1892 2367 1942 2395 ac

293 2429 511 2485 propterca
527 2413 651 2459 nobis
664 2411 811 2459 referre
823 2411 1014 2459 colorem
1029 2410 1209 2459 maxime
1227 2427 1362 2458 atrum
1376 2437 1386 2468 ·‚
1400 2416 1474 2477 qui
1488 2418 1626 2478 potius
1640 2413 1700 2460 ob
1712 2411 1853 2460 lumen
1868 2432 1942 2460 er-

215 2494 264 2539 D
293 2479 514 2526 trinsecum
539 2476 1015 2544 refractumisuperficie
1035 2494 1149 2525 terrae
1171 2482 1376 2524 rationem
1396 2478 1520 2524 habet
1542 2477 1694 2525 coloris
1708 2475 1863 2544 ‚quam
1887 2498 1939 2526 ex

292 2562 435 2591 natura
455 2561 569 2591 terrae
581 2581 591 2591 .
617 2546 673 2590 Ea
683 2561 848 2610 nanque
861 2548 999 2609 potius
1011 2543 1186 2591 dicenda
1196 2543 1292 2590 esset
1304 2543 1558 2590 tenebricosa
1574 2541 1703 2609 quarn
1718 2550 1938 2610 mgra.ve-

291 2606 385 2657 rum
398 2609 456 2655 ob
473 2609 517 2657 id
531 2606 647 2676 quod
667 2607 810 2657 lumen
829 2608 1047 2676 diaphani,
1059 2613 1101 2655 in
1116 2627 1204 2674 quo
1223 2625 1328 2656 terra
1346 2608 1508 2655 videtur
1520 2642 1532 2661 ,
1546 2614 1737 2675 pertingit
1760 2619 1802 2657 &
1826 2628 1937 2674 quo-

291 2675 528 2722 dammodo
539 2675 785 2723 admiscetur
795 2693 939 2741 opacae
948 2674 1009 2723 illi
1019 2673 1358 2740 superficieitideo
1372 2672 1560 2721 colorem
1574 2690 1660 2721 atru
1670 2693 1710 2723 m
1724 2677 1937 2723 facit.Nec

291 2758 361 2788 me
374 2755 565 2788 moueret
585 2746 691 2788 ratio
701 2739 753 2788 de
765 2739 875 2788 calce
889 2749 931 2788 &
945 2745 1079 2787 cinere
1099 2738 1302 2786 adducta.
1322 2742 1438 2786 Nam
1450 2757 1544 2786 reor
1570 2745 1610 2786 in
1624 2758 1796 2806 Vtraque
1810 2739 1936 2808 piuri-

291 2825 411 2857 mum
423 2807 501 2854 effe
513 2811 573 2852 vis
595 2810 609 2852 i
640 2823 746 2863 neae,
759 2824 806 2853 ac
819 2822 1035 2872 propterea
1054 2804 1219 2852 luminis
1234 2831 1244 2862 ·‚
1258 2818 1384 2870 quam
1399 2804 1458 2851 ob
1472 2805 1632 2852 causam
1648 2805 1734 2852 calx
1758 2806 1934 2854 candida

292 2874 350 2919 est
360 2909 374 2930 ‚
387 2875 483 2919 cinis
494 2870 609 2920 subal
642 2871 748 2927 idus,
759 2877 801 2919 in
814 2889 903 2936 quo
917 2877 1051 2918 minus
1067 2868 1113 2917 fit
1123 2874 1227 2936 ignis
1242 2869 1371 2937 quim
1386 2875 1425 2917 in
1438 2869 1549 2917 calce
1562 2907 1572 2918 .
1644 2875 1723 2918 His
1735 2873 1934 2919 constitu-

292 2942 343 2985 tis
354 2938 600 2985 accedamus
612 2937 665 2984 ad
675 2935 837 2984 colores
859 2935 982 2994 alios,
997 2933 1234 3002 eorumque
1252 2952 1439 2983 naturam
1453 2934 1735 3002 explicandam
1750 2974 1759 2984 .
1781 2940 1934 3004 Niger-

292 3007 421 3051 rimus
441 3021 541 3069 ergo
553 3003 612 3051 cst
623 3001 743 3050 color
763 3019 877 3049 terrae
890 3023 900 3049 z
914 3020 1021 3069 aqua
1034 3007 1158 3049 etiam
1169 2998 1408 3068 aquet'lsque
1419 3019 1551 3068 vapor
1560 3039 1574 3060 ‚
1586 3000 1616 3050 fi
1630 3001 1817 3050 ficcescat
1836 3021 1933 3070 pro-

291 3067 575 3139 pinquiorque
597 3067 670 3116 fiat
689 3085 842 3118 naturae
863 3084 999 3128 tetrae,
1017 3066 1228 3135 nigrescit.
1268 3071 1333 3116 Eo
1347 3065 1466 3135 quod
1477 3065 1654 3117 ficcitate
1676 3074 1849 3134 opacior
1860 3069 1933 3118 fiat

1676 3138 1723 3181 H
1744 3138 1772 3195 ij
