2455 3671
383 310 488 375 74

870 270 1031 346 DE
1101 266 1806 348 ELEMENTIS

510 385 703 437 videmus
713 421 728 444 ,
737 388 781 434 in
789 381 997 433 fluetibus
1007 382 1061 432 ab
1073 382 1223 432 arbore
1233 381 1435 450 decerptis
1479 398 1524 431 er
1532 385 1864 432 concostionem
1873 420 1890 441 ‚
1900 388 1947 433 δε
1956 383 2167 435 alteratio-
2193 383 2232 430 E

511 470 612 502 nem
631 470 774 502 nouos
787 453 951 521 fipores
961 457 1148 518 generati
1168 451 1360 498 mitiores
1374 456 1419 497 et
1463 445 1663 509 ulciores,
1677 451 1888 517 prioribus
1910 455 2093 500 omnino
2103 457 2168 501 in-

511 518 811 568 tercidentibus
821 537 833 567 ε
843 531 1099 585 generantur
1107 533 1209 583 ergo
1221 519 1327 564 noui
1337 515 1501 582 sapores
1510 551 1526 574 ,
1535 533 1626 564 non
1636 520 1748 583 prius
1759 516 1954 567 extabant
1965 559 1976 566 .
1989 523 2165 587 Sapores

511 590 643 652 igitur
653 603 741 634 non
783 585 1012 632 &existunt
1020 619 1035 642 ,
1047 600 1185 650 neque
1196 581 1290 631 sunt
1301 580 1444 649 figurae
1457 585 1809 651 quedammeque
1820 587 1948 634 etiarn
1958 602 2002 632 m
2014 602 2170 653 corpo-

511 653 627 700 ribus
651 602 905 718 fimpl'icibus
919 648 1227 697 elementorum
1246 646 1400 697 scilicet
1412 651 1682 699 inueniuntur
1693 685 1706 696 .
1718 652 1806 699 Erit
1816 666 1920 716 ergo
1930 650 2052 718 sapor
2062 657 2170 701 acci-

512 718 614 767 dens
627 717 799 784 sequens
817 720 1067 764 mixtionem
1082 735 1093 762 ε
1107 719 1149 763 in
1161 714 1438 763 mixtionibus
1450 729 1594 762 autem
1603 751 1618 772 ,
1629 728 1682 762 vt.
1696 719 1740 763 in
1751 715 2032 784 superioribus
2053 715 2168 766 libris

515 785 697 833 diximus
705 820 719 842 ,
731 800 842 851 aqua
855 791 898 830 &
908 798 1013 830 terra
1024 784 1064 828 se
1075 780 1234 830 habent
1243 817 1257 839 ,
1269 795 1315 828 vt
1325 783 1501 828 materia
1510 807 1522 836 ς
1532 799 1582 828 ex
1594 777 1750 848 illisque
1766 780 1970 850 praecipue
1979 785 2170 833 constant

514 855 648 898 mixta
658 867 859 917 corpora:
873 855 941 896 ae'r
951 846 1053 896 vero
1067 855 1111 895 δε
1132 850 1240 914 ignis
1253 862 1299 895 vt
1309 844 1492 894 efficiens
1506 854 1548 894 &
1560 845 1722 904 forma3
1736 845 1834 896 licet
1850 853 1920 896 afir
1931 854 2062 916 magis
2078 855 2170 899 atti-

512 933 610 965 neat
619 915 673 964 ad
685 912 1053 982 materiam,qu:im
1063 918 1076 961 i
1109 917 1170 960 nis
1179 950 1191 962 .
1217 917 1351 980 Sapor
1360 916 1436 980 qui
1446 913 1796 962 accommodatus
1808 914 1866 962 est
1878 921 2172 984 materiae,pto-

510 998 651 1050 pterea
663 978 783 1049 quod
795 981 853 1029 cst
863 979 1051 1028 accidens
1065 999 1087 1028 e
1105 983 1276 1038 ementi,
1288 978 1512 1046 pertinebit
1522 978 1576 1028 ad
1586 982 1839 1028 mixtionem
1850 995 1966 1029 terra:
1977 989 2023 1030 &
2035 999 2166 1050 aquae.

515 1045 667 1096 verum
691 1044 791 1096 etim
812 1064 923 1114 aqua
935 1046 995 1094 ob
1015 1047 1077 1094 sui
1095 1061 1286 1094 naturam
1309 1048 1444 1112 magis
1461 1042 1734 1093 formabilem
1744 1043 1876 1113 quam
1886 1064 1992 1096 terra
2002 1082 2017 1103 ‚
2028 1053 2170 1116 potius
2194 1046 2226 1088 F

514 1120 690 1182 pertinet
708 1114 764 1162 ad
773 1110 1023 1161 alimentum
1035 1108 1166 1179 quam
1185 1127 1314 1159 terra:
1329 1129 1427 1159 nam
1440 1119 1484 1159 δι
1495 1115 1681 1159 maxima
1691 1129 1782 1180 pars
1800 1115 1995 1162 terrestris
2016 1131 2172 1163 naturae

512 1178 643 1228 veluti
652 1195 969 1228 excrementum
981 1180 1005 1226 ἃ
1015 1182 1279 1227 nutrimento
1289 1175 1524 1226 secernitur.
1538 1182 1704 1245 Saporis
1714 1193 1862 1227 natura
1872 1184 2005 1247 magis
2017 1185 2096 1229 etit
2102 1199 2172 1230 ac-

514 1246 793 1294 commodata
813 1262 934 1313 aquae
945 1242 1075 1312 quam
1094 1259 1232 1302 ωτι-ες
1246 1261 1296 1291 ex
1306 1243 1568 1292 admixtione
1581 1259 1722 1292 tamen
1740 1246 1933 1295 terrestris
1946 1262 2100 1295 naturae
2110 1245 2173 1296 fa-

515 1316 582 1360 &a
593 1331 666 1380 per
685 1314 1015 1360 concodtionem
1038 1307 1063 1358 a
1074 1309 1213 1358 calido
1226 1346 1237 1358 .
1257 1313 1343 1357 Erit
1364 1314 1491 1376 igitur
1512 1309 1632 1378 sapor
1652 1308 1848 1358 abstersio
1868 1313 2064 1394 quaedam
2075 1351 2089 1370 ,
2100 1314 2173 1362 seu

511 1377 745 1446 percolatio
761 1382 883 1445 partis
894 1377 1087 1425 terrestris
1107 1374 1221 1424 ficcae
1233 1393 1306 1443 per
1315 1374 1545 1424 humidum
1557 1393 1742 1442 aqueum
1755 1375 1863 1425 facita
1873 1396 1898 1426 a
1908 1378 2047 1426 calido
2056 1407 2068 1436 ς
2078 1398 2173 1448 quat

512 1446 651 1512 potest
663 1442 825 1492 afficere
834 1444 953 1510 gustu
959 1439 1117 1497 m,et'1tn
1153 1460 1206 1490 ue
1217 1461 1269 1490 ex
1280 1446 1468 1509 potentia
1476 1447 1520 1490 in
1530 1445 1676 1490 actum
1686 1442 2062 1512 operationemque
2074 1464 2172 1514 pro-

511 1515 647 1579 priam
661 1510 866 1558 deducere
877 1547 887 1557 .
921 1510 1135 1558 Postrema
1179 1526 1236 1556 aec
1275 1506 1446 1556 articula
1457 1506 1690 1556 differentia
1706 1510 1914 1576 postrema
1926 1529 2102 1579 quoque
2114 1512 2172 1560 cst

513 1578 769 1625 constituens
783 1592 976 1623 naturam
989 1583 1031 1623 δι
1044 1574 1223 1643 speciem
1236 1595 1237 1599 ¹
1252 1579 1388 1640 aporis
1400 1611 1410 1622 .
1426 1578 1544 1622 Nam
1558 1573 1678 1642 sapor
1688 1592 1764 1642 pro
1796 1581 1906 1624 rium
1918 1575 2102 1625 sensibile
2114 1578 2172 1624 est

512 1641 647 1690 sensus
659 1643 801 1708 gustus
812 1679 823 1689 .
840 1647 943 1705 Q
953 1641 1007 1689 de
1017 1658 1059 1688 rc
1073 1638 1189 1688 Plato
1201 1637 1532 1700 inTimchum
1542 1639 1579 1688 sa
1610 1645 1693 1688 oris
1706 1641 1746 1689 d'
1798 1647 1902 1690 niret
1912 1643 2172 1711 species,non

511 1707 681 1756 aliunde
694 1708 957 1756 definitiones
971 1723 1115 1755 earum
1127 1704 1312 1773 sumpsit,
1324 1705 1454 1773 quim
1468 1706 1520 1753 ab
1590 1710 1832 1774 e&u,quem
1844 1712 1888 1756 in
1900 1708 2052 1776 lingua¹
2066 1707 2170 1758 cifis-

515 1792 601 1842 que
610 1773 769 1823 venulis
787 1782 830 1821 &
843 1773 1047 1821 meatibus
1061 1767 1394 1839 humoribusque
1408 1769 1446 1819 st
1478 1789 1570 1820 ores
1584 1771 1743 1822 faciunt
1754 1811 1765 1823 .
1780 1772 1946 1823 Verum
1958 1776 2168 1824 definitio·
2191 1774 2233 1820 G

512 1859 585 1888 nes
597 1858 673 1888 om
679 1858 747 1888 nes
771 1838 851 1887 illae
863 1839 955 1887 sunt
967 1838 1139 1905 sumpta:
1159 1839 1213 1886 ab
1223 1790 1536 1886 alterationibus
1548 1838 1830 1888 materialibus
1844 1850 1888 1888 δε
1898 1840 2168 1902 naturalibus„

515 1924 611 1973 quae
622 1924 709 1954 non
720 1923 793 1973 per
801 1905 841 1954 se
849 1909 1055 1972 pertinent
1065 1905 1119 1952 ad
1131 1908 1366 1972 potentiam
1377 1905 1516 1970 gustus
1526 1940 1540 1962 ,
1554 1906 1622 1952 std
1630 1922 1704 1972 per
1716 1907 1904 1955 accidens
1918 1945 1928 1955 .
1942 1910 2170 1974 Attingunt

515 1987 657 2020 autem
671 1990 743 2039 per
763 1974 803 2019 se
815 1972 955 2038 gustus
967 1988 1017 2018 or
1047 1987 1147 2018 ana:
1163 1969 1232 2017 scd
1244 1970 1288 2017 id
1306 1987 1378 2036 per
1388 1972 1428 2018 se
1440 1970 1629 2037 saporem
1642 1976 1684 2018 in
1760 1973 1820 2020 stu
1832 1971 1966 2021 facere
1978 1976 2092 2040 poffc
2104 1974 2171 2022 di-

517 2042 711 2096 cimus,vt
723 2035 875 2085 scilicet
883 2037 1017 2103 spirita
1039 2042 1051 2083 i
1061 2037 1195 2104 specie
1266 2036 1398 2084 standi
1406 2042 1638 2103 potentiam
1650 1990 1802 2086 ciffi-‘iat
1813 2043 1909 2086 adiu
1918 2041 2168 2106 gustantem,

513 2108 625 2151 vtita
639 2103 777 2150 dicam
789 2138 799 2148 .
812 2104 959 2150 Sensus
971 2107 1126 2150 etenim
1147 2102 1189 2149 su
1210 2104 1398 2168 ceptiuus
1410 2102 1470 2149 est
1479 2099 1708 2169 specierum
1720 2101 1806 2151 fine
1822 2110 1992 2152 materia
2004 2140 2014 2150 .
2028 2109 2088 2152 Ex
2102 2104 2166 2152 his

512 2169 635 2218 facile
659 2168 901 2217 confutatur
910 2168 1181 2235 quorundam
1192 2168 1390 2216 sententia
1402 2172 1500 2238 ,qui
1511 2183 1762 2235 putauerunt
1775 2179 1838 2227 (vt
1854 2170 2168 2238 aitTheophra-

515 2237 599 2283 stus
621 2240 663 2282 in
675 2252 803 2302 opere
815 2234 867 2282 de
879 2233 1007 2282 causis
1021 2233 1282 2301 plantarum)
1294 2234 1470 2282 eandem
1482 2251 1570 2282 rem
1592 2234 1706 2300 posse
1716 2234 1882 2285 homini
1894 2235 2062 2284 dulcem
2072 2236 2166 2292 effe,

517 2306 609 2348 cani
621 2318 761 2349 autem
775 2298 843 2348 seu
857 2304 1039 2366 cuipiam
1049 2298 1165 2348 alteri
1175 2298 1346 2347 animali
1357 2317 1544 2349 amaram
1556 2338 1568 2348 .
1586 2304 1704 2349 Nam
1716 2298 1814 2349 cum
1826 2302 1966 2368 gustus
1980 2308 2168 2370 potentia

517 2367 702 2414 ciusdem
725 2382 881 2414 natutae
893 2364 943 2413 fit
963 2370 1005 2413 in
1017 2366 1215 2414 omnibus
1238 2363 1486 2414 animalibus
1498 2403 1512 2422 ,
1523 2382 1726 2434 quatenus
1746 2368 1948 2434 gustatiua
1970 2369 2028 2415 est
2042 2376 2084 2416 δε
2106 2367 2166 2415 sa-

517 2450 671 2500 porum
695 2437 929 2500 perceptiua
941 2456 951 2489 3
967 2430 1184 2499 sensusque
1203 2430 1316 2480 ιεᾶὲ
1328 2430 1548 2498 dispofitus
1564 2451 1654 2481 non
1676 2431 1840 2482 fallatur
1850 2440 1958 2482 circa
1976 2433 2166 2482 fienfibile

515 2503 735 2565 proprium
749 2518 759 2544 :
773 2495 1025 2565 impossibile
1037 2499 1095 2546 est
1105 2535 1117 2556 ‚
1129 2501 1234 2564 quin
1247 2498 1424 2546 candem
1436 2495 1702 2548 dulcedinem
1712 2503 1910 2547 omnium
1920 2499 2164 2549 animalium
2211 2490 2260 2534 H

549 2566 657 2611 ustus
671 2564 827 2611 iudicet
839 2562 1105 2611 dulcedinem
1117 2561 1242 2621 esse,fi
1256 2581 1410 2630 organa
1420 2563 1574 2612 fiierint
1586 2565 1814 2613 Fecundum
1822 2581 2014 2614 naturam
2026 2567 2098 2614 dis
2116 2585 2166 2614 o-

515 2582 591 2677 fita
603 2650 613 2675 ι
631 2627 733 2677 nihil
747 2646 931 2677 attamen
943 2630 1081 2677 obstat
1092 2634 1195 2696 quin
1213 2628 1398 2678 dulcedo
1420 2631 1566 2679 cadem
1584 2630 1796 2698 aliquibus
1806 2630 2054 2680 animalibus
2074 2585 2162 2680 sira-

517 2700 579 2743 uis
591 2694 641 2743 fit
655 2706 697 2743 δε
714 2694 879 2743 salubris
893 2732 905 2752 ,
917 2693 1005 2743 aliis
1018 2693 1119 2743 verb
1129 2695 1308 2744 insuauis
1323 2705 1366 2744 &
1384 2694 1662 2745 incommoda
1674 2733 1684 2743 .
1700 2703 1794 2765 quis
1806 2698 1932 2746 nescit
1942 2698 2106 2746 caffiam
2116 2698 2166 2744 fi-

517 2760 671 2809 stulam
683 2759 851 2808 dulcem
867 2760 943 2807 csse
957 2772 971 2807 Ξ
983 2760 1085 2808 nulli
1097 2779 1240 2810 tamen
1252 2761 1478 2810 hominum
1489 2782 1534 2811 ca
1546 2762 1728 2811 dulcedo
1740 2763 1872 2812 suauis
1884 2766 1960 2811 est.-
1974 2768 2074 2830 quin
2088 2782 2166 2831 po·-

515 2831 595 2875 tius
609 2824 757 2874 contri
777 2845 925 2874 omnes
941 2825 1135 2874 homines
1149 2846 1242 2875 cam
1254 2828 1434 2877 oderunt
1447 2838 1492 2877 &
1511 2829 1766 2878 auersantur.
1788 2828 1948 2878 Contrai
1962 2828 2166 2878 nonnulla

515 2891 679 2960 alioqui
691 2910 829 2940 amata
851 2891 989 2940 suauia
1001 2893 1093 2940 sunt
1103 2928 1117 2946 ,.
1129 2910 1175 2941 vt
1185 2895 1320 2941 intubi
1334 2895 1487 2942 radices
1500 2934 1509 2943 .
1538 2895 1658 2944 Idem
1668 2896 1722 2942 de
1732 2895 1818 2945 aliis
1832 2899 2026 2964 saporum
2068 2915 2166 2946 ene-

515 2958 629 3006 ribus
653 2959 711 3006 est
723 2957 1003 3006 sentiendum:
1018 2957 1093 3006 nifi
1105 2958 1312 3028 quispiam
1334 2959 1458 3008 vellet
1470 2961 1630 3010 Cratilli
1640 2996 1652 3019 ,
1664 2960 1832 3030 eiusque
1844 2964 1958 3011 sedlae
1976 2916 2166 3034 phfioso-

515 3023 701 3093 phorum
715 3022 959 3072 sententiam
968 3025 1084 3092 sequi
1095 3059 1105 3084 ³
1117 3031 1191 3094 qui
1201 3027 1472 3093 putabant,cn
1486 3026 1606 3094 quod
1618 3034 1762 3077 omnia
1772 3029 1934 3099 semper
1942 3050 2164 3084 moueren-

515 3107 585 3137 tur
595 3127 607 3145 ‚
621 3108 697 3137 nec
717 3106 941 3138 momento
954 3091 1127 3158 quidem
1151 3108 1238 3140 tem
1270 3098 1352 3140 oris
1366 3094 1584 3161 quidpiam
1602 3095 1838 3146 consisteret
1848 3123 1860 3156 ς
1872 3099 1974 3148 nihil
1986 3102 2062 3150 effe
2074 3104 2162 3150 sua-

513 3172 585 3223 pte
597 3171 742 3204 natura
753 3155 877 3206 dulce
887 3172 957 3206 aut
969 3175 1161 3206 amarum
1172 3195 1187 3217 ‚
1197 3158 1238 3207 al
1271 3177 1343 3210 um
1355 3158 1576 3226 nigrumve
1588 3183 1598 3211 :
1613 3161 1682 3210 sed
1694 3168 1836 3213 omnia
1846 3163 1934 3215 haec
1946 3165 2046 3226 ficri,
2060 3166 2160 3218 caim

1982 3233 2160 3284 sentiun-
