<?xml version="1.0" encoding="UTF-8"?>
<!DOCTYPE html PUBLIC "-//W3C//DTD XHTML 1.0 Transitional//EN"
    "http://www.w3.org/TR/xhtml1/DTD/xhtml1-transitional.dtd">
<html xmlns="http://www.w3.org/1999/xhtml" xml:lang="en" lang="en">
 <head>
  <title>
</title>
<meta http-equiv="Content-Type" content="text/html;charset=utf-8" />
  <meta name='ocr-system' content='tesseract 3.04.00' />
  <meta name='ocr-capabilities' content='ocr_page ocr_carea ocr_par ocr_line ocrx_word'/>
</head>
<body>
  <div class='ocr_page' id='page_1' title='image "./opera00contgoog/opera00contgoog_0127.png"; bbox 0 0 2455 3671; ppageno 0'>
   <div class='ocr_carea' id='block_1_1' title="bbox 399 289 481 362">
    <p class='ocr_par' dir='ltr' id='par_1_1' title="bbox 399 289 481 362">
     <span class='ocr_line' id='line_1_1' title="bbox 399 289 481 362; baseline 0 0"><span class='ocrx_word' id='word_1_1' title='bbox 399 289 481 362; x_wconf 84' lang='lat'>82</span> 
     </span>
    </p>
   </div>
   <div class='ocr_carea' id='block_1_2' title="bbox 857 260 1804 341">
    <p class='ocr_par' dir='ltr' id='par_1_2' title="bbox 857 260 1804 341">
     <span class='ocr_line' id='line_1_2' title="bbox 857 260 1804 341; baseline 0.001 -1"><span class='ocrx_word' id='word_1_2' title='bbox 857 262 1018 340; x_wconf 89' lang='lat' dir='ltr'>DE</span> <span class='ocrx_word' id='word_1_3' title='bbox 1079 260 1804 341; x_wconf 88' lang='lat' dir='ltr'>ELEMENTIS</span> 
     </span>
    </p>
   </div>
   <div class='ocr_carea' id='block_1_3' title="bbox 504 369 2236 3252">
    <p class='ocr_par' dir='ltr' id='par_1_3' title="bbox 504 369 2236 3252">
     <span class='ocr_line' id='line_1_3' title="bbox 520 369 2236 445; baseline -0.002 -19"><span class='ocrx_word' id='word_1_4' title='bbox 520 381 616 426; x_wconf 89' lang='lat' dir='ltr'>tino</span> <span class='ocrx_word' id='word_1_5' title='bbox 627 371 855 445; x_wconf 76' lang='lat' dir='ltr'>pinguique</span> <span class='ocrx_word' id='word_1_6' title='bbox 864 412 877 424; x_wconf 89' lang='lat'><strong>.</strong></span> <span class='ocrx_word' id='word_1_7' title='bbox 890 378 1058 424; x_wconf 83' lang='lat' dir='ltr'>Etenim</span> <span class='ocrx_word' id='word_1_8' title='bbox 1070 372 1102 422; x_wconf 83' lang='lat' dir='ltr'>fi</span> <span class='ocrx_word' id='word_1_9' title='bbox 1113 392 1162 421; x_wconf 90' lang='lat' dir='ltr'>ea</span> <span class='ocrx_word' id='word_1_10' title='bbox 1170 372 1325 422; x_wconf 73' lang='lat' dir='ltr'>firerint</span> <span class='ocrx_word' id='word_1_11' title='bbox 1334 376 1379 421; x_wconf 90' lang='lat' dir='ltr'>in</span> <span class='ocrx_word' id='word_1_12' title='bbox 1390 370 1492 422; x_wconf 89' lang='lat' dir='ltr'>oleo</span> <span class='ocrx_word' id='word_1_13' title='bbox 1502 377 1658 433; x_wconf 78' lang='lat' dir='ltr'>nimia3</span> <span class='ocrx_word' id='word_1_14' title='bbox 1670 370 1898 442; x_wconf 82' lang='lat' dir='ltr'>prohibent</span> <span class='ocrx_word' id='word_1_15' title='bbox 1908 369 2055 423; x_wconf 81' lang='lat' dir='ltr'>oleum</span> <span class='ocrx_word' id='word_1_16' title='bbox 2064 371 2176 424; x_wconf 84' lang='lat' dir='ltr'>affici</span> <span class='ocrx_word' id='word_1_17' title='bbox 2200 390 2236 436; x_wconf 74' lang='lat'>13</span> 
     </span>
     <span class='ocr_line' id='line_1_4' title="bbox 520 437 2174 508; baseline -0.001 -16"><span class='ocrx_word' id='word_1_18' title='bbox 520 447 697 492; x_wconf 80' lang='lat' dir='ltr'>externis</span> <span class='ocrx_word' id='word_1_19' title='bbox 707 442 1222 491; x_wconf 72' lang='lat' dir='ltr'>odoribusxcontumacius</span> <span class='ocrx_word' id='word_1_20' title='bbox 1234 456 1402 507; x_wconf 87' lang='lat' dir='ltr'>nanque</span> <span class='ocrx_word' id='word_1_21' title='bbox 1414 439 1470 488; x_wconf 88' lang='lat' dir='ltr'>est</span> <span class='ocrx_word' id='word_1_22' title='bbox 1482 439 1536 488; x_wconf 89' lang='lat' dir='ltr'>ad</span> <span class='ocrx_word' id='word_1_23' title='bbox 1544 440 1790 508; x_wconf 83' lang='lat' dir='ltr'>patiendum</span> <span class='ocrx_word' id='word_1_24' title='bbox 1800 476 1815 499; x_wconf 93' lang='lat'>,</span> <span class='ocrx_word' id='word_1_25' title='bbox 1824 437 1900 488; x_wconf 74' lang='lat' dir='ltr'>nisi</span> <span class='ocrx_word' id='word_1_26' title='bbox 1912 437 1962 489; x_wconf 79' lang='lat' dir='ltr'>fi:</span> <span class='ocrx_word' id='word_1_27' title='bbox 1972 439 2174 490; x_wconf 67' lang='lat' dir='ltr'>effestutn</span> 
     </span>
     <span class='ocr_line' id='line_1_5' title="bbox 518 505 2174 566; baseline 0 -8"><span class='ocrx_word' id='word_1_28' title='bbox 518 508 693 559; x_wconf 75' lang='lat' dir='ltr'>mollius</span> <span class='ocrx_word' id='word_1_29' title='bbox 703 543 713 555; x_wconf 94' lang='lat'><strong>.</strong></span> <span class='ocrx_word' id='word_1_30' title='bbox 723 512 797 557; x_wconf 67' lang='lat' dir='ltr'>Iris</span> <span class='ocrx_word' id='word_1_31' title='bbox 812 512 1001 565; x_wconf 77' lang='lat' dir='ltr'>etiam‚vt</span> <span class='ocrx_word' id='word_1_32' title='bbox 1011 505 1163 565; x_wconf 87' lang='lat' dir='ltr'>ferunt,</span> <span class='ocrx_word' id='word_1_33' title='bbox 1178 505 1207 554; x_wconf 79' lang='lat' dir='ltr'>fi</span> <span class='ocrx_word' id='word_1_34' title='bbox 1221 505 1458 554; x_wconf 85' lang='lat' dir='ltr'>incubuerit</span> <span class='ocrx_word' id='word_1_35' title='bbox 1468 506 1543 554; x_wconf 84' lang='lat' dir='ltr'>vbi</span> <span class='ocrx_word' id='word_1_36' title='bbox 1553 507 1612 554; x_wconf 89' lang='lat' dir='ltr'>est</span> <span class='ocrx_word' id='word_1_37' title='bbox 1623 505 1769 555; x_wconf 83' lang='lat' dir='ltr'>adusta</span> <span class='ocrx_word' id='word_1_38' title='bbox 1780 510 1952 556; x_wconf 88' lang='lat' dir='ltr'>materia</span> <span class='ocrx_word' id='word_1_39' title='bbox 1960 542 1975 566; x_wconf 87' lang='lat'>,</span> <span class='ocrx_word' id='word_1_40' title='bbox 1986 505 2174 558; x_wconf 82' lang='lat' dir='ltr'>odorem</span> 
     </span>
     <span class='ocr_line' id='line_1_6' title="bbox 519 569 2174 641; baseline -0.001 -17"><span class='ocrx_word' id='word_1_41' title='bbox 519 574 633 625; x_wconf 86' lang='lat' dir='ltr'>elicit</span> <span class='ocrx_word' id='word_1_42' title='bbox 643 613 655 624; x_wconf 88' lang='lat'>.</span> <span class='ocrx_word' id='word_1_43' title='bbox 668 578 765 623; x_wconf 84' lang='lat' dir='ltr'>Eius</span> <span class='ocrx_word' id='word_1_44' title='bbox 776 591 943 641; x_wconf 89' lang='lat' dir='ltr'>nanque</span> <span class='ocrx_word' id='word_1_45' title='bbox 955 590 1087 640; x_wconf 82' lang='lat' dir='ltr'>vapor</span> <span class='ocrx_word' id='word_1_46' title='bbox 1097 570 1300 620; x_wconf 82' lang='lat' dir='ltr'>humidus</span> <span class='ocrx_word' id='word_1_47' title='bbox 1316 580 1359 620; x_wconf 75' lang='grc' dir='ltr'>δι</span> <span class='ocrx_word' id='word_1_48' title='bbox 1376 573 1540 620; x_wconf 80' lang='lat' dir='ltr'>roridus</span> <span class='ocrx_word' id='word_1_49' title='bbox 1550 569 1724 621; x_wconf 63' lang='lat' dir='ltr'>affeetus</span> <span class='ocrx_word' id='word_1_50' title='bbox 1734 571 1916 622; x_wconf 83' lang='lat' dir='ltr'>ficcitate</span> <span class='ocrx_word' id='word_1_51' title='bbox 1924 572 2077 623; x_wconf 70' lang='lat' dir='ltr'>aduste</span> <span class='ocrx_word' id='word_1_52' title='bbox 2084 590 2174 622; x_wconf 85' lang='lat' dir='ltr'>ma·-</span> 
     </span>
     <span class='ocr_line' id='line_1_7' title="bbox 516 636 2172 708; baseline -0.001 -18"><span class='ocrx_word' id='word_1_53' title='bbox 516 646 632 690; x_wconf 81' lang='lat' dir='ltr'>tetiae</span> <span class='ocrx_word' id='word_1_54' title='bbox 641 678 655 700; x_wconf 86' lang='lat'>,</span> <span class='ocrx_word' id='word_1_55' title='bbox 668 655 1052 708; x_wconf 81' lang='lat' dir='ltr'>temperamentum</span> <span class='ocrx_word' id='word_1_56' title='bbox 1071 636 1241 687; x_wconf 85' lang='lat' dir='ltr'>sortitur</span> <span class='ocrx_word' id='word_1_57' title='bbox 1252 638 1514 705; x_wconf 82' lang='lat' dir='ltr'>quandoque</span> <span class='ocrx_word' id='word_1_58' title='bbox 1536 638 1662 686; x_wconf 86' lang='lat' dir='ltr'>odori</span> <span class='ocrx_word' id='word_1_59' title='bbox 1674 639 1964 688; x_wconf 88' lang='lat' dir='ltr'>commodum</span> <span class='ocrx_word' id='word_1_60' title='bbox 1976 676 1988 689; x_wconf 90' lang='lat'><strong>.</strong></span> <span class='ocrx_word' id='word_1_61' title='bbox 2000 640 2172 706; x_wconf 85' lang='lat' dir='ltr'>vestigia</span> 
     </span>
     <span class='ocr_line' id='line_1_8' title="bbox 518 702 2170 774; baseline 0.001 -18"><span class='ocrx_word' id='word_1_62' title='bbox 518 712 647 756; x_wconf 88' lang='lat' dir='ltr'>etiam</span> <span class='ocrx_word' id='word_1_63' title='bbox 667 706 863 774; x_wconf 79' lang='lat' dir='ltr'>leporum</span> <span class='ocrx_word' id='word_1_64' title='bbox 873 741 887 764; x_wconf 87' lang='lat'><strong>,</strong></span> <span class='ocrx_word' id='word_1_65' title='bbox 901 703 931 752; x_wconf 83' lang='lat' dir='ltr'>si</span> <span class='ocrx_word' id='word_1_66' title='bbox 951 721 1057 753; x_wconf 90' lang='lat' dir='ltr'>terra</span> <span class='ocrx_word' id='word_1_67' title='bbox 1078 703 1203 753; x_wconf 73' lang='lat' dir='ltr'>fiterit</span> <span class='ocrx_word' id='word_1_68' title='bbox 1223 702 1364 772; x_wconf 86' lang='lat' dir='ltr'>aliqua</span> <span class='ocrx_word' id='word_1_69' title='bbox 1375 702 1628 752; x_wconf 78' lang='lat' dir='ltr'>humiditate</span> <span class='ocrx_word' id='word_1_70' title='bbox 1638 702 1811 764; x_wconf 65' lang='lat' dir='ltr'>affecta,</span> <span class='ocrx_word' id='word_1_71' title='bbox 1824 703 1976 754; x_wconf 79' lang='lat' dir='ltr'>melius</span> <span class='ocrx_word' id='word_1_72' title='bbox 1984 705 2170 758; x_wconf 82' lang='lat' dir='ltr'>odorem</span> 
     </span>
     <span class='ocr_line' id='line_1_9' title="bbox 519 769 2170 840; baseline -0.001 -19"><span class='ocrx_word' id='word_1_73' title='bbox 519 778 739 823; x_wconf 84' lang='lat' dir='ltr'>continent</span> <span class='ocrx_word' id='word_1_74' title='bbox 746 808 760 830; x_wconf 89' lang='lat'>,</span> <span class='ocrx_word' id='word_1_75' title='bbox 771 781 816 821; x_wconf 75' lang='grc' dir='ltr'>δε</span> <span class='ocrx_word' id='word_1_76' title='bbox 827 770 935 840; x_wconf 86' lang='lat' dir='ltr'>prod</span> <span class='ocrx_word' id='word_1_77' title='bbox 940 786 1015 819; x_wconf 86' lang='lat' dir='ltr'>unt</span> <span class='ocrx_word' id='word_1_78' title='bbox 1025 769 1362 838; x_wconf 82' lang='lat' dir='ltr'>leporem.Aqua</span> <span class='ocrx_word' id='word_1_79' title='bbox 1372 774 1510 836; x_wconf 85' lang='lat' dir='ltr'>inepta</span> <span class='ocrx_word' id='word_1_80' title='bbox 1520 771 1580 819; x_wconf 84' lang='lat' dir='ltr'>est</span> <span class='ocrx_word' id='word_1_81' title='bbox 1590 770 1643 819; x_wconf 83' lang='lat' dir='ltr'>ad</span> <span class='ocrx_word' id='word_1_82' title='bbox 1664 771 1820 820; x_wconf 76' lang='lat' dir='ltr'>odoret</span> <span class='ocrx_word' id='word_1_83' title='bbox 1831 771 2092 840; x_wconf 82' lang='lat' dir='ltr'>recipiendos</span> <span class='ocrx_word' id='word_1_84' title='bbox 2100 790 2170 820; x_wconf 87' lang='lat' dir='ltr'>ex-</span> 
     </span>
     <span class='ocr_line' id='line_1_10' title="bbox 516 834 2168 906; baseline -0.001 -18"><span class='ocrx_word' id='word_1_85' title='bbox 516 854 683 888; x_wconf 82' lang='lat' dir='ltr'>traneos</span> <span class='ocrx_word' id='word_1_86' title='bbox 693 863 705 896; x_wconf 84' lang='lat'>;</span> <span class='ocrx_word' id='word_1_87' title='bbox 716 857 770 886; x_wconf 88' lang='lat' dir='ltr'>eo</span> <span class='ocrx_word' id='word_1_88' title='bbox 784 834 905 906; x_wconf 74' lang='lat' dir='ltr'>quod</span> <span class='ocrx_word' id='word_1_89' title='bbox 916 854 989 904; x_wconf 86' lang='lat' dir='ltr'>per</span> <span class='ocrx_word' id='word_1_90' title='bbox 1008 842 1209 884; x_wconf 86' lang='lat' dir='ltr'>rariorem</span> <span class='ocrx_word' id='word_1_91' title='bbox 1230 836 1497 885; x_wconf 84' lang='lat' dir='ltr'>substantiam</span> <span class='ocrx_word' id='word_1_92' title='bbox 1516 836 1658 884; x_wconf 86' lang='lat' dir='ltr'>statim</span> <span class='ocrx_word' id='word_1_93' title='bbox 1678 836 1840 886; x_wconf 86' lang='lat' dir='ltr'>diffluat</span> <span class='ocrx_word' id='word_1_94' title='bbox 1850 854 1982 905; x_wconf 81' lang='lat' dir='ltr'>vapor</span> <span class='ocrx_word' id='word_1_95' title='bbox 1992 837 2168 887; x_wconf 84' lang='lat' dir='ltr'>odorus.</span> 
     </span>
     <span class='ocr_line' id='line_1_11' title="bbox 516 901 2166 970; baseline -0.001 -17"><span class='ocrx_word' id='word_1_96' title='bbox 516 908 648 953; x_wconf 82' lang='lat' dir='ltr'>Hanc</span> <span class='ocrx_word' id='word_1_97' title='bbox 658 905 719 953; x_wconf 90' lang='lat' dir='ltr'>ob</span> <span class='ocrx_word' id='word_1_98' title='bbox 731 921 821 952; x_wconf 91' lang='lat' dir='ltr'>rem</span> <span class='ocrx_word' id='word_1_99' title='bbox 831 906 1089 970; x_wconf 77' lang='lat' dir='ltr'>antiquiores</span> <span class='ocrx_word' id='word_1_100' title='bbox 1101 918 1300 969; x_wconf 88' lang='lat' dir='ltr'>putarunt</span> <span class='ocrx_word' id='word_1_101' title='bbox 1321 902 1503 950; x_wconf 84' lang='lat' dir='ltr'>odorem</span> <span class='ocrx_word' id='word_1_102' title='bbox 1516 903 1594 950; x_wconf 82' lang='lat' dir='ltr'>effe</span> <span class='ocrx_word' id='word_1_103' title='bbox 1615 901 1924 952; x_wconf 75' lang='lat' dir='ltr'>exhalationem</span> <span class='ocrx_word' id='word_1_104' title='bbox 1968 903 2166 952; x_wconf 81' lang='lat' dir='ltr'>nandam.</span> 
     </span>
     <span class='ocr_line' id='line_1_12' title="bbox 515 922 2166 1026; baseline -0.001 -6"><span class='ocrx_word' id='word_1_105' title='bbox 515 975 625 1020; x_wconf 87' lang='lat' dir='ltr'>Non</span> <span class='ocrx_word' id='word_1_106' title='bbox 637 986 782 1019; x_wconf 89' lang='lat' dir='ltr'>tamen</span> <span class='ocrx_word' id='word_1_107' title='bbox 801 966 1009 1017; x_wconf 72' lang='lat' dir='ltr'>exhalatio</span> <span class='ocrx_word' id='word_1_108' title='bbox 1023 968 1081 1016; x_wconf 89' lang='lat' dir='ltr'>est</span> <span class='ocrx_word' id='word_1_109' title='bbox 1091 1004 1106 1026; x_wconf 84' lang='lat'><strong>,</strong></span> <span class='ocrx_word' id='word_1_110' title='bbox 1118 969 1187 1017; x_wconf 90' lang='lat' dir='ltr'>sed</span> <span class='ocrx_word' id='word_1_111' title='bbox 1201 969 1260 1016; x_wconf 87' lang='lat' dir='ltr'>est</span> <span class='ocrx_word' id='word_1_112' title='bbox 1278 966 1464 1016; x_wconf 73' lang='lat' dir='ltr'>sensibile</span> <span class='ocrx_word' id='word_1_113' title='bbox 1474 969 1664 1016; x_wconf 83' lang='lat' dir='ltr'>accidens</span> <span class='ocrx_word' id='word_1_114' title='bbox 1680 968 1878 1018; x_wconf 72' lang='lat' dir='ltr'>inhaerens</span> <span class='ocrx_word' id='word_1_115' title='bbox 1898 922 2166 1018; x_wconf 60' lang='lat' dir='ltr'>ex‘lulationi.</span> 
     </span>
     <span class='ocr_line' id='line_1_13' title="bbox 512 1031 2223 1104; baseline -0.001 -19"><span class='ocrx_word' id='word_1_116' title='bbox 512 1040 675 1104; x_wconf 85' lang='lat' dir='ltr'>Neque</span> <span class='ocrx_word' id='word_1_117' title='bbox 683 1035 842 1085; x_wconf 81' lang='lat' dir='ltr'>neceffe</span> <span class='ocrx_word' id='word_1_118' title='bbox 853 1035 912 1083; x_wconf 87' lang='lat' dir='ltr'>est</span> <span class='ocrx_word' id='word_1_119' title='bbox 923 1031 955 1082; x_wconf 83' lang='lat' dir='ltr'><strong>fi</strong></span> <span class='ocrx_word' id='word_1_120' title='bbox 967 1034 1080 1083; x_wconf 86' lang='lat' dir='ltr'>odor</span> <span class='ocrx_word' id='word_1_121' title='bbox 1089 1033 1225 1082; x_wconf 87' lang='lat' dir='ltr'>sentiri</span> <span class='ocrx_word' id='word_1_122' title='bbox 1238 1034 1450 1093; x_wconf 56' lang='lat' dir='ltr'>debeagvt</span> <span class='ocrx_word' id='word_1_123' title='bbox 1460 1032 1668 1083; x_wconf 84' lang='lat' dir='ltr'>exhalatio</span> <span class='ocrx_word' id='word_1_124' title='bbox 1680 1050 1824 1101; x_wconf 85' lang='lat' dir='ltr'>tangat</span> <span class='ocrx_word' id='word_1_125' title='bbox 1832 1034 1978 1084; x_wconf 82' lang='lat' dir='ltr'>odoris</span> <span class='ocrx_word' id='word_1_126' title='bbox 1990 1035 2166 1096; x_wconf 84' lang='lat' dir='ltr'>sensum,</span> <span class='ocrx_word' id='word_1_127' title='bbox 2192 1043 2223 1088; x_wconf 79' lang='lat' dir='ltr'>F</span> 
     </span>
     <span class='ocr_line' id='line_1_14' title="bbox 513 1097 2168 1169; baseline -0.001 -18"><span class='ocrx_word' id='word_1_128' title='bbox 513 1100 725 1151; x_wconf 67' lang='lat' dir='ltr'>olfactum</span> <span class='ocrx_word' id='word_1_129' title='bbox 735 1105 909 1169; x_wconf 85' lang='lat' dir='ltr'>inquam</span> <span class='ocrx_word' id='word_1_130' title='bbox 921 1136 935 1157; x_wconf 82' lang='grc'><strong>,</strong></span> <span class='ocrx_word' id='word_1_131' title='bbox 947 1116 991 1148; x_wconf 79' lang='lat' dir='ltr'>vt</span> <span class='ocrx_word' id='word_1_132' title='bbox 1002 1099 1189 1148; x_wconf 82' lang='lat' dir='ltr'>arbitrati</span> <span class='ocrx_word' id='word_1_133' title='bbox 1201 1099 1294 1148; x_wconf 88' lang='lat' dir='ltr'>sunt</span> <span class='ocrx_word' id='word_1_134' title='bbox 1304 1104 1488 1167; x_wconf 87' lang='lat' dir='ltr'>antiqui,</span> <span class='ocrx_word' id='word_1_135' title='bbox 1500 1097 1570 1148; x_wconf 87' lang='lat' dir='ltr'>sed</span> <span class='ocrx_word' id='word_1_136' title='bbox 1589 1099 1756 1169; x_wconf 86' lang='lat' dir='ltr'>spiritali</span> <span class='ocrx_word' id='word_1_137' title='bbox 1768 1100 1901 1169; x_wconf 84' lang='lat' dir='ltr'>specie</span> <span class='ocrx_word' id='word_1_138' title='bbox 1918 1098 2168 1168; x_wconf 87' lang='lat' dir='ltr'>multiplica-</span> 
     </span>
     <span class='ocr_line' id='line_1_15' title="bbox 513 1166 2168 1247; baseline 0 -31"><span class='ocrx_word' id='word_1_139' title='bbox 513 1185 583 1217; x_wconf 88' lang='lat' dir='ltr'>tur</span> <span class='ocrx_word' id='word_1_140' title='bbox 593 1168 706 1216; x_wconf 88' lang='lat' dir='ltr'>odor</span> <span class='ocrx_word' id='word_1_141' title='bbox 715 1166 741 1216; x_wconf 67' lang='lat' dir='ltr'>a</span> <span class='ocrx_word' id='word_1_142' title='bbox 761 1184 915 1247; x_wconf 79' lang='lat' dir='ltr'>vapore</span> <span class='ocrx_word' id='word_1_143' title='bbox 927 1166 1069 1214; x_wconf 88' lang='lat' dir='ltr'>odoro</span> <span class='ocrx_word' id='word_1_144' title='bbox 1081 1183 1153 1232; x_wconf 86' lang='lat' dir='ltr'>per</span> <span class='ocrx_word' id='word_1_145' title='bbox 1163 1171 1300 1214; x_wconf 75' lang='lat' dir='ltr'>ae‘rem</span> <span class='ocrx_word' id='word_1_146' title='bbox 1312 1167 1590 1214; x_wconf 72' lang='lat' dir='ltr'>m=dium.›.seu</span> <span class='ocrx_word' id='word_1_147' title='bbox 1612 1183 1769 1234; x_wconf 85' lang='lat' dir='ltr'>aquam</span> <span class='ocrx_word' id='word_1_148' title='bbox 1790 1183 1869 1234; x_wconf 82' lang='lat' dir='ltr'>pro</span> <span class='ocrx_word' id='word_1_149' title='bbox 1882 1168 2168 1236; x_wconf 84' lang='lat' dir='ltr'>cuiuscunque</span> 
     </span>
     <span class='ocr_line' id='line_1_16' title="bbox 513 1229 2166 1300; baseline 0.001 -18"><span class='ocrx_word' id='word_1_150' title='bbox 513 1234 662 1284; x_wconf 84' lang='lat' dir='ltr'>odoris</span> <span class='ocrx_word' id='word_1_151' title='bbox 675 1238 735 1288; x_wconf 86' lang='lat' dir='ltr'>vi,</span> <span class='ocrx_word' id='word_1_152' title='bbox 745 1231 885 1300; x_wconf 83' lang='lat' dir='ltr'>ficque</span> <span class='ocrx_word' id='word_1_153' title='bbox 893 1231 1055 1281; x_wconf 73' lang='lat' dir='ltr'>sensum</span> <span class='ocrx_word' id='word_1_154' title='bbox 1064 1229 1250 1280; x_wconf 87' lang='lat' dir='ltr'>afficiunt</span> <span class='ocrx_word' id='word_1_155' title='bbox 1264 1269 1274 1280; x_wconf 91' lang='lat'>.</span> <span class='ocrx_word' id='word_1_156' title='bbox 1296 1235 1414 1280; x_wconf 86' lang='lat' dir='ltr'>Nam</span> <span class='ocrx_word' id='word_1_157' title='bbox 1428 1229 1606 1280; x_wconf 60' lang='lat' dir='ltr'>olfactus</span> <span class='ocrx_word' id='word_1_158' title='bbox 1616 1250 1706 1280; x_wconf 87' lang='lat' dir='ltr'>non</span> <span class='ocrx_word' id='word_1_159' title='bbox 1722 1232 1780 1280; x_wconf 89' lang='lat' dir='ltr'>est</span> <span class='ocrx_word' id='word_1_160' title='bbox 1789 1235 1922 1281; x_wconf 71' lang='lat' dir='ltr'>ta6ius</span> <span class='ocrx_word' id='word_1_161' title='bbox 1932 1232 2109 1300; x_wconf 85' lang='lat' dir='ltr'>quidam</span> <span class='ocrx_word' id='word_1_162' title='bbox 2118 1250 2166 1283; x_wconf 78' lang='lat' dir='ltr'>vt</span> 
     </span>
     <span class='ocr_line' id='line_1_17' title="bbox 512 1295 2166 1367; baseline -0.001 -19"><span class='ocrx_word' id='word_1_163' title='bbox 512 1301 657 1367; x_wconf 84' lang='lat' dir='ltr'>gustus</span> <span class='ocrx_word' id='word_1_164' title='bbox 668 1325 681 1357; x_wconf 82' lang='lat'>·‚</span> <span class='ocrx_word' id='word_1_165' title='bbox 693 1299 794 1348; x_wconf 89' lang='lat' dir='ltr'>ideo</span> <span class='ocrx_word' id='word_1_166' title='bbox 815 1297 964 1345; x_wconf 86' lang='lat' dir='ltr'>medio</span> <span class='ocrx_word' id='word_1_167' title='bbox 985 1297 1213 1347; x_wconf 71' lang='lat' dir='ltr'>extrinseco</span> <span class='ocrx_word' id='word_1_168' title='bbox 1236 1314 1406 1364; x_wconf 80' lang='lat' dir='ltr'>eget.vt</span> <span class='ocrx_word' id='word_1_169' title='bbox 1430 1297 1572 1346; x_wconf 83' lang='lat' dir='ltr'>sentiat</span> <span class='ocrx_word' id='word_1_170' title='bbox 1582 1334 1596 1356; x_wconf 85' lang='lat'><strong>,</strong></span> <span class='ocrx_word' id='word_1_171' title='bbox 1606 1295 1704 1346; x_wconf 88' lang='lat' dir='ltr'>licet</span> <span class='ocrx_word' id='word_1_172' title='bbox 1713 1315 1804 1346; x_wconf 88' lang='lat' dir='ltr'>non</span> <span class='ocrx_word' id='word_1_173' title='bbox 1821 1314 1908 1347; x_wconf 87' lang='lat' dir='ltr'>tam</span> <span class='ocrx_word' id='word_1_174' title='bbox 1921 1316 2082 1365; x_wconf 87' lang='lat' dir='ltr'>magno</span> <span class='ocrx_word' id='word_1_175' title='bbox 2094 1316 2166 1353; x_wconf 81' lang='lat' dir='ltr'>,vt</span> 
     </span>
     <span class='ocr_line' id='line_1_18' title="bbox 511 1362 2166 1431; baseline 0 -17"><span class='ocrx_word' id='word_1_176' title='bbox 511 1365 621 1414; x_wconf 81' lang='lat' dir='ltr'>visus</span> <span class='ocrx_word' id='word_1_177' title='bbox 635 1362 973 1414; x_wconf 77' lang='lat' dir='ltr'>auditt&#39;isve.Hoc</span> <span class='ocrx_word' id='word_1_178' title='bbox 984 1362 1131 1411; x_wconf 84' lang='lat' dir='ltr'>odoris</span> <span class='ocrx_word' id='word_1_179' title='bbox 1153 1380 1284 1429; x_wconf 82' lang='lat' dir='ltr'>genus</span> <span class='ocrx_word' id='word_1_180' title='bbox 1296 1399 1310 1420; x_wconf 81' lang='lat'><strong>,</strong></span> <span class='ocrx_word' id='word_1_181' title='bbox 1322 1363 1440 1431; x_wconf 89' lang='lat' dir='ltr'>quod</span> <span class='ocrx_word' id='word_1_182' title='bbox 1454 1364 1576 1411; x_wconf 84' lang='lat' dir='ltr'>bruta</span> <span class='ocrx_word' id='word_1_183' title='bbox 1586 1363 1652 1412; x_wconf 76' lang='lat' dir='ltr'>vel</span> <span class='ocrx_word' id='word_1_184' title='bbox 1672 1382 1762 1412; x_wconf 86' lang='lat' dir='ltr'>non</span> <span class='ocrx_word' id='word_1_185' title='bbox 1774 1362 1978 1420; x_wconf 84' lang='lat' dir='ltr'>sentiunt,</span> <span class='ocrx_word' id='word_1_186' title='bbox 1988 1363 2054 1413; x_wconf 78' lang='lat' dir='ltr'>vel</span> <span class='ocrx_word' id='word_1_187' title='bbox 2072 1382 2166 1414; x_wconf 85' lang='lat' dir='ltr'>non</span> 
     </span>
     <span class='ocr_line' id='line_1_19' title="bbox 511 1426 2164 1498; baseline -0.001 -18"><span class='ocrx_word' id='word_1_188' title='bbox 511 1432 739 1480; x_wconf 85' lang='lat' dir='ltr'>aduertunt</span> <span class='ocrx_word' id='word_1_189' title='bbox 752 1467 767 1490; x_wconf 88' lang='lat'>‚</span> <span class='ocrx_word' id='word_1_190' title='bbox 777 1426 983 1498; x_wconf 72' lang='lat' dir='ltr'>quodque</span> <span class='ocrx_word' id='word_1_191' title='bbox 1005 1428 1189 1476; x_wconf 81' lang='lat' dir='ltr'>diximus</span> <span class='ocrx_word' id='word_1_192' title='bbox 1211 1433 1256 1476; x_wconf 88' lang='lat' dir='ltr'>in</span> <span class='ocrx_word' id='word_1_193' title='bbox 1280 1427 1442 1476; x_wconf 75' lang='lat' dir='ltr'>fictiori</span> <span class='ocrx_word' id='word_1_194' title='bbox 1464 1434 1637 1477; x_wconf 84' lang='lat' dir='ltr'>materia</span> <span class='ocrx_word' id='word_1_195' title='bbox 1658 1431 1828 1479; x_wconf 84' lang='lat' dir='ltr'>existere</span> <span class='ocrx_word' id='word_1_196' title='bbox 1847 1466 1862 1489; x_wconf 88' lang='lat'><strong>,</strong></span> <span class='ocrx_word' id='word_1_197' title='bbox 1882 1429 2015 1497; x_wconf 68' lang='lat' dir='ltr'>quim</span> <span class='ocrx_word' id='word_1_198' title='bbox 2036 1435 2164 1498; x_wconf 79' lang='lat' dir='ltr'>prius,</span> 
     </span>
     <span class='ocr_line' id='line_1_20' title="bbox 511 1493 2164 1607; baseline -0.001 -61"><span class='ocrx_word' id='word_1_199' title='bbox 511 1497 635 1564; x_wconf 89' lang='lat' dir='ltr'>quod</span> <span class='ocrx_word' id='word_1_200' title='bbox 647 1496 841 1564; x_wconf 88' lang='lat' dir='ltr'>saporem</span> <span class='ocrx_word' id='word_1_201' title='bbox 859 1493 1047 1543; x_wconf 86' lang='lat' dir='ltr'>alimenti</span> <span class='ocrx_word' id='word_1_202' title='bbox 1061 1494 1265 1607; x_wconf 54' lang='lat' dir='ltr'>[equitum</span> <span class='ocrx_word' id='word_1_203' title='bbox 1278 1493 1308 1541; x_wconf 83' lang='lat' dir='ltr'>fi</span> <span class='ocrx_word' id='word_1_204' title='bbox 1320 1512 1408 1542; x_wconf 87' lang='lat' dir='ltr'>non</span> <span class='ocrx_word' id='word_1_205' title='bbox 1430 1498 1584 1553; x_wconf 81' lang='lat' dir='ltr'>nutrit,</span> <span class='ocrx_word' id='word_1_206' title='bbox 1595 1512 1642 1543; x_wconf 86' lang='lat' dir='ltr'>vt</span> <span class='ocrx_word' id='word_1_207' title='bbox 1662 1494 1934 1562; x_wconf 74' lang='lat' dir='ltr'>Pythagorici</span> <span class='ocrx_word' id='word_1_208' title='bbox 1952 1511 2164 1562; x_wconf 81' lang='lat' dir='ltr'>putarunt,</span> 
     </span>
     <span class='ocr_line' id='line_1_21' title="bbox 512 1556 2161 1626; baseline -0.001 -15"><span class='ocrx_word' id='word_1_209' title='bbox 512 1562 897 1611; x_wconf 85' lang='lat' dir='ltr'>accommodatum</span> <span class='ocrx_word' id='word_1_210' title='bbox 912 1577 1056 1608; x_wconf 85' lang='lat' dir='ltr'>tamen</span> <span class='ocrx_word' id='word_1_211' title='bbox 1077 1578 1101 1608; x_wconf 84' lang='lat' dir='ltr'>e</span> <span class='ocrx_word' id='word_1_212' title='bbox 1147 1561 1306 1608; x_wconf 61' lang='lat' dir='ltr'>[anitati</span> <span class='ocrx_word' id='word_1_213' title='bbox 1316 1598 1329 1618; x_wconf 86' lang='lat'><em>,</em></span> <span class='ocrx_word' id='word_1_214' title='bbox 1343 1556 1548 1626; x_wconf 70' lang='lat' dir='ltr'>bonaeque</span> <span class='ocrx_word' id='word_1_215' title='bbox 1558 1560 1786 1609; x_wconf 82' lang='lat' dir='ltr'>valetudini</span> <span class='ocrx_word' id='word_1_216' title='bbox 1808 1563 1980 1609; x_wconf 84' lang='lat' dir='ltr'>humani</span> <span class='ocrx_word' id='word_1_217' title='bbox 1991 1562 2161 1619; x_wconf 85' lang='lat' dir='ltr'>cerebri;</span> 
     </span>
     <span class='ocr_line' id='line_1_22' title="bbox 509 1624 2162 1697; baseline -0.001 -20"><span class='ocrx_word' id='word_1_218' title='bbox 509 1645 557 1678; x_wconf 81' lang='lat' dir='ltr'>vt</span> <span class='ocrx_word' id='word_1_219' title='bbox 565 1646 671 1697; x_wconf 82' lang='lat' dir='ltr'>pote</span> <span class='ocrx_word' id='word_1_220' title='bbox 679 1626 801 1696; x_wconf 88' lang='lat' dir='ltr'>quod</span> <span class='ocrx_word' id='word_1_221' title='bbox 811 1624 1027 1694; x_wconf 80' lang='lat' dir='ltr'>aliquanto</span> <span class='ocrx_word' id='word_1_222' title='bbox 1039 1629 1173 1692; x_wconf 81' lang='lat' dir='ltr'>magis</span> <span class='ocrx_word' id='word_1_223' title='bbox 1193 1625 1374 1673; x_wconf 85' lang='lat' dir='ltr'>declinat</span> <span class='ocrx_word' id='word_1_224' title='bbox 1384 1625 1438 1673; x_wconf 80' lang='lat' dir='ltr'>ad</span> <span class='ocrx_word' id='word_1_225' title='bbox 1458 1626 1662 1692; x_wconf 78' lang='lat' dir='ltr'>frigidum</span> <span class='ocrx_word' id='word_1_226' title='bbox 1674 1635 1718 1674; x_wconf 83' lang='lat'>&amp;</span> <span class='ocrx_word' id='word_1_227' title='bbox 1730 1625 1958 1675; x_wconf 82' lang='lat' dir='ltr'>humidum</span> <span class='ocrx_word' id='word_1_228' title='bbox 1969 1665 1979 1675; x_wconf 94' lang='lat'><strong>.</strong></span> <span class='ocrx_word' id='word_1_229' title='bbox 1993 1632 2162 1675; x_wconf 83' lang='lat' dir='ltr'>Siccita·</span> 
     </span>
     <span class='ocr_line' id='line_1_23' title="bbox 510 1689 2160 1759; baseline -0.001 -17"><span class='ocrx_word' id='word_1_230' title='bbox 510 1710 554 1742; x_wconf 90' lang='lat' dir='ltr'>te</span> <span class='ocrx_word' id='word_1_231' title='bbox 567 1713 590 1742; x_wconf 89' lang='lat' dir='ltr'>e</span> <span class='ocrx_word' id='word_1_232' title='bbox 640 1712 669 1741; x_wconf 87' lang='lat' dir='ltr'>o</span> <span class='ocrx_word' id='word_1_233' title='bbox 684 1702 727 1743; x_wconf 78' lang='grc' dir='ltr'>δε</span> <span class='ocrx_word' id='word_1_234' title='bbox 741 1691 949 1740; x_wconf 79' lang='lat' dir='ltr'>caliditate</span> <span class='ocrx_word' id='word_1_235' title='bbox 959 1690 1167 1739; x_wconf 86' lang='lat' dir='ltr'>mediocri</span> <span class='ocrx_word' id='word_1_236' title='bbox 1179 1689 1300 1739; x_wconf 82' lang='lat' dir='ltr'>huius</span> <span class='ocrx_word' id='word_1_237' title='bbox 1312 1696 1470 1758; x_wconf 84' lang='lat' dir='ltr'>generis</span> <span class='ocrx_word' id='word_1_238' title='bbox 1488 1693 1674 1739; x_wconf 86' lang='lat' dir='ltr'>odorum</span> <span class='ocrx_word' id='word_1_239' title='bbox 1688 1708 1940 1759; x_wconf 84' lang='lat' dir='ltr'>temperatur</span> <span class='ocrx_word' id='word_1_240' title='bbox 1954 1701 1993 1740; x_wconf 76' lang='grc' dir='ltr'>δι</span> <span class='ocrx_word' id='word_1_241' title='bbox 2008 1692 2160 1740; x_wconf 51' lang='lat' dir='ltr'>melius¹</span> 
     </span>
     <span class='ocr_line' id='line_1_24' title="bbox 507 1754 2225 1824; baseline -0.001 -16"><span class='ocrx_word' id='word_1_242' title='bbox 507 1760 550 1808; x_wconf 90' lang='lat' dir='ltr'>se</span> <span class='ocrx_word' id='word_1_243' title='bbox 571 1759 625 1808; x_wconf 88' lang='lat' dir='ltr'>ha</span> <span class='ocrx_word' id='word_1_244' title='bbox 656 1775 697 1807; x_wconf 89' lang='lat' dir='ltr'>et</span> <span class='ocrx_word' id='word_1_245' title='bbox 709 1795 718 1807; x_wconf 94' lang='lat'>.</span> <span class='ocrx_word' id='word_1_246' title='bbox 733 1758 937 1806; x_wconf 87' lang='lat' dir='ltr'>Odotum</span> <span class='ocrx_word' id='word_1_247' title='bbox 949 1756 1099 1824; x_wconf 82' lang='lat' dir='ltr'>species</span> <span class='ocrx_word' id='word_1_248' title='bbox 1119 1754 1286 1822; x_wconf 83' lang='lat' dir='ltr'>fingulae</span> <span class='ocrx_word' id='word_1_249' title='bbox 1298 1793 1310 1814; x_wconf 91' lang='lat'><strong>,</strong></span> <span class='ocrx_word' id='word_1_250' title='bbox 1324 1762 1422 1823; x_wconf 85' lang='lat' dir='ltr'>quia</span> <span class='ocrx_word' id='word_1_251' title='bbox 1442 1762 1712 1805; x_wconf 83' lang='lat' dir='ltr'>innominatae</span> <span class='ocrx_word' id='word_1_252' title='bbox 1734 1767 1778 1805; x_wconf 84' lang='lat'>&amp;</span> <span class='ocrx_word' id='word_1_253' title='bbox 1800 1763 2023 1824; x_wconf 83' lang='lat' dir='ltr'>incognitae</span> <span class='ocrx_word' id='word_1_254' title='bbox 2034 1759 2158 1806; x_wconf 85' lang='lat' dir='ltr'>nobis</span> <span class='ocrx_word' id='word_1_255' title='bbox 2183 1772 2225 1817; x_wconf 82' lang='lat' dir='ltr'>G</span> 
     </span>
     <span class='ocr_line' id='line_1_25' title="bbox 508 1821 2160 1892; baseline -0.001 -19"><span class='ocrx_word' id='word_1_256' title='bbox 508 1826 603 1874; x_wconf 84' lang='lat' dir='ltr'>sunt</span> <span class='ocrx_word' id='word_1_257' title='bbox 615 1862 627 1884; x_wconf 87' lang='lat'>,</span> <span class='ocrx_word' id='word_1_258' title='bbox 641 1843 727 1872; x_wconf 89' lang='lat' dir='ltr'>non</span> <span class='ocrx_word' id='word_1_259' title='bbox 741 1823 909 1892; x_wconf 74' lang='lat' dir='ltr'>possunt</span> <span class='ocrx_word' id='word_1_260' title='bbox 920 1838 1035 1871; x_wconf 87' lang='lat' dir='ltr'>certo</span> <span class='ocrx_word' id='word_1_261' title='bbox 1055 1840 1234 1870; x_wconf 83' lang='lat' dir='ltr'>numero</span> <span class='ocrx_word' id='word_1_262' title='bbox 1246 1822 1570 1888; x_wconf 90' lang='lat' dir='ltr'>comprehendi.</span> <span class='ocrx_word' id='word_1_263' title='bbox 1586 1825 1632 1870; x_wconf 86' lang='lat' dir='ltr'>Id</span> <span class='ocrx_word' id='word_1_264' title='bbox 1648 1821 1808 1870; x_wconf 65' lang='lat' dir='ltr'>tantstm</span> <span class='ocrx_word' id='word_1_265' title='bbox 1822 1825 1962 1871; x_wconf 78' lang='lat' dir='ltr'>dixiffe</span> <span class='ocrx_word' id='word_1_266' title='bbox 1980 1823 2160 1890; x_wconf 63' lang='lat' dir='ltr'>repetiit:</span> 
     </span>
     <span class='ocr_line' id='line_1_26' title="bbox 509 1886 2158 1958; baseline -0.001 -19"><span class='ocrx_word' id='word_1_267' title='bbox 509 1891 639 1958; x_wconf 70' lang='lat' dir='ltr'>seque</span> <span class='ocrx_word' id='word_1_268' title='bbox 651 1891 773 1939; x_wconf 76' lang='lat' dir='ltr'>nobis</span> <span class='ocrx_word' id='word_1_269' title='bbox 785 1886 958 1936; x_wconf 83' lang='lat' dir='ltr'>sufficiat</span> <span class='ocrx_word' id='word_1_270' title='bbox 971 1924 985 1946; x_wconf 87' lang='lat'><strong>,</strong></span> <span class='ocrx_word' id='word_1_271' title='bbox 998 1887 1153 1935; x_wconf 85' lang='lat' dir='ltr'>odores</span> <span class='ocrx_word' id='word_1_272' title='bbox 1163 1886 1258 1935; x_wconf 85' lang='lat' dir='ltr'>illos</span> <span class='ocrx_word' id='word_1_273' title='bbox 1272 1886 1426 1935; x_wconf 83' lang='lat' dir='ltr'>dilutos</span> <span class='ocrx_word' id='word_1_274' title='bbox 1438 1888 1539 1947; x_wconf 82' lang='lat' dir='ltr'>‚effe</span> <span class='ocrx_word' id='word_1_275' title='bbox 1552 1890 1786 1937; x_wconf 85' lang='lat' dir='ltr'>rudimenta</span> <span class='ocrx_word' id='word_1_276' title='bbox 1806 1890 1998 1956; x_wconf 72' lang='lat' dir='ltr'>quaedam</span> <span class='ocrx_word' id='word_1_277' title='bbox 2012 1886 2158 1937; x_wconf 81' lang='lat' dir='ltr'>odoris</span> 
     </span>
     <span class='ocr_line' id='line_1_27' title="bbox 508 1951 2157 2024; baseline -0.001 -20"><span class='ocrx_word' id='word_1_278' title='bbox 508 1956 683 2024; x_wconf 68' lang='lat' dir='ltr'>perfesti</span> <span class='ocrx_word' id='word_1_279' title='bbox 695 1993 709 2015; x_wconf 90' lang='lat'>,</span> <span class='ocrx_word' id='word_1_280' title='bbox 723 1954 827 2003; x_wconf 81' lang='lat' dir='ltr'>sicut</span> <span class='ocrx_word' id='word_1_281' title='bbox 837 1953 957 2022; x_wconf 86' lang='lat' dir='ltr'>sapor</span> <span class='ocrx_word' id='word_1_282' title='bbox 967 1951 1165 2020; x_wconf 80' lang='lat' dir='ltr'>insipidus</span> <span class='ocrx_word' id='word_1_283' title='bbox 1179 1953 1374 2020; x_wconf 59' lang='lat' dir='ltr'>&amp;porum</span> <span class='ocrx_word' id='word_1_284' title='bbox 1386 1952 1566 2002; x_wconf 83' lang='lat' dir='ltr'>aliorum</span> <span class='ocrx_word' id='word_1_285' title='bbox 1576 1955 1858 2021; x_wconf 51' lang='lat' dir='ltr'>perfidior-um</span> <span class='ocrx_word' id='word_1_286' title='bbox 1870 1955 2157 2003; x_wconf 86' lang='lat' dir='ltr'>rudimentum</span> 
     </span>
     <span class='ocr_line' id='line_1_28' title="bbox 511 2015 2158 2088; baseline -0.001 -18"><span class='ocrx_word' id='word_1_287' title='bbox 511 2031 557 2070; x_wconf 84' lang='lat'>&amp;</span> <span class='ocrx_word' id='word_1_288' title='bbox 573 2026 743 2070; x_wconf 82' lang='lat' dir='ltr'>materia</span> <span class='ocrx_word' id='word_1_289' title='bbox 753 2021 831 2068; x_wconf 87' lang='lat' dir='ltr'>est.</span> <span class='ocrx_word' id='word_1_290' title='bbox 851 2020 1019 2068; x_wconf 85' lang='lat' dir='ltr'>Odores</span> <span class='ocrx_word' id='word_1_291' title='bbox 1033 2015 1135 2066; x_wconf 67' lang='lat' dir='ltr'>verb</span> <span class='ocrx_word' id='word_1_292' title='bbox 1157 2018 1348 2086; x_wconf 84' lang='lat' dir='ltr'>putridos</span> <span class='ocrx_word' id='word_1_293' title='bbox 1361 2027 1403 2066; x_wconf 77' lang='grc' dir='ltr'>διε</span> <span class='ocrx_word' id='word_1_294' title='bbox 1426 2035 1556 2066; x_wconf 78' lang='lat' dir='ltr'>tetros</span> <span class='ocrx_word' id='word_1_295' title='bbox 1578 2018 1708 2068; x_wconf 83' lang='lat' dir='ltr'>veluti</span> <span class='ocrx_word' id='word_1_296' title='bbox 1728 2025 2014 2087; x_wconf 81' lang='lat' dir='ltr'>corruptiones</span> <span class='ocrx_word' id='word_1_297' title='bbox 2036 2022 2158 2088; x_wconf 63' lang='lat' dir='ltr'>quai²</span> 
     </span>
     <span class='ocr_line' id='line_1_29' title="bbox 509 2084 2156 2152; baseline -0.001 -16"><span class='ocrx_word' id='word_1_298' title='bbox 509 2088 609 2136; x_wconf 86' lang='lat' dir='ltr'>dam</span> <span class='ocrx_word' id='word_1_299' title='bbox 624 2087 703 2134; x_wconf 82' lang='lat' dir='ltr'>effe</span> <span class='ocrx_word' id='word_1_300' title='bbox 713 2117 727 2136; x_wconf 82' lang='lat'><em>‚</em></span> <span class='ocrx_word' id='word_1_301' title='bbox 740 2084 815 2133; x_wconf 84' lang='lat' dir='ltr'>nifi</span> <span class='ocrx_word' id='word_1_302' title='bbox 841 2086 869 2132; x_wconf 85' lang='lat' dir='ltr'>fi</span> <span class='ocrx_word' id='word_1_303' title='bbox 883 2103 977 2152; x_wconf 79' lang='lat' dir='ltr'>quae</span> <span class='ocrx_word' id='word_1_304' title='bbox 987 2103 1049 2133; x_wconf 86' lang='lat' dir='ltr'>res</span> <span class='ocrx_word' id='word_1_305' title='bbox 1067 2102 1213 2133; x_wconf 86' lang='lat' dir='ltr'>natura</span> <span class='ocrx_word' id='word_1_306' title='bbox 1234 2084 1372 2152; x_wconf 87' lang='lat' dir='ltr'>suapte</span> <span class='ocrx_word' id='word_1_307' title='bbox 1385 2100 1550 2152; x_wconf 82' lang='lat' dir='ltr'>putrem</span> <span class='ocrx_word' id='word_1_308' title='bbox 1560 2085 1741 2134; x_wconf 87' lang='lat' dir='ltr'>odorem</span> <span class='ocrx_word' id='word_1_309' title='bbox 1764 2085 1966 2144; x_wconf 84' lang='lat' dir='ltr'>habeant,</span> <span class='ocrx_word' id='word_1_310' title='bbox 1979 2103 2022 2135; x_wconf 78' lang='lat' dir='ltr'>vt</span> <span class='ocrx_word' id='word_1_311' title='bbox 2034 2091 2156 2134; x_wconf 86' lang='lat' dir='ltr'>cimi-</span> 
     </span>
     <span class='ocr_line' id='line_1_30' title="bbox 509 2150 2156 2218; baseline -0.001 -17"><span class='ocrx_word' id='word_1_312' title='bbox 509 2172 578 2202; x_wconf 85' lang='lat' dir='ltr'>ces</span> <span class='ocrx_word' id='word_1_313' title='bbox 601 2190 613 2201; x_wconf 66' lang='lat'>,.</span> <span class='ocrx_word' id='word_1_314' title='bbox 629 2156 727 2200; x_wconf 87' lang='lat' dir='ltr'>Nec</span> <span class='ocrx_word' id='word_1_315' title='bbox 739 2157 865 2200; x_wconf 82' lang='lat' dir='ltr'>etiam</span> <span class='ocrx_word' id='word_1_316' title='bbox 877 2156 1049 2208; x_wconf 85' lang='lat' dir='ltr'>omnia,</span> <span class='ocrx_word' id='word_1_317' title='bbox 1063 2167 1157 2218; x_wconf 80' lang='lat' dir='ltr'>quat</span> <span class='ocrx_word' id='word_1_318' title='bbox 1167 2155 1360 2199; x_wconf 80' lang='lat' dir='ltr'>oriuntur</span> <span class='ocrx_word' id='word_1_319' title='bbox 1372 2167 1419 2198; x_wconf 74' lang='lat' dir='ltr'>ex</span> <span class='ocrx_word' id='word_1_320' title='bbox 1432 2150 1606 2218; x_wconf 82' lang='lat' dir='ltr'>putridis</span> <span class='ocrx_word' id='word_1_321' title='bbox 1628 2151 1748 2199; x_wconf 83' lang='lat' dir='ltr'>rebus</span> <span class='ocrx_word' id='word_1_322' title='bbox 1768 2188 1782 2210; x_wconf 86' lang='lat'>‚</span> <span class='ocrx_word' id='word_1_323' title='bbox 1796 2168 1950 2200; x_wconf 87' lang='lat' dir='ltr'>tetrum</span> <span class='ocrx_word' id='word_1_324' title='bbox 1972 2153 2156 2200; x_wconf 89' lang='lat' dir='ltr'>odorem</span> 
     </span>
     <span class='ocr_line' id='line_1_31' title="bbox 507 2215 2154 2284; baseline -0.001 -17"><span class='ocrx_word' id='word_1_325' title='bbox 507 2217 665 2267; x_wconf 85' lang='lat' dir='ltr'>habent</span> <span class='ocrx_word' id='word_1_326' title='bbox 675 2254 689 2275; x_wconf 89' lang='lat'><strong>,</strong></span> <span class='ocrx_word' id='word_1_327' title='bbox 700 2234 745 2266; x_wconf 83' lang='lat' dir='ltr'>vt</span> <span class='ocrx_word' id='word_1_328' title='bbox 757 2216 877 2283; x_wconf 84' lang='lat' dir='ltr'>fungi</span> <span class='ocrx_word' id='word_1_329' title='bbox 887 2222 973 2265; x_wconf 86' lang='lat' dir='ltr'>nati</span> <span class='ocrx_word' id='word_1_330' title='bbox 983 2215 1007 2264; x_wconf 77' lang='grc' dir='ltr'>ὲ</span> <span class='ocrx_word' id='word_1_331' title='bbox 1019 2218 1221 2276; x_wconf 86' lang='lat' dir='ltr'>stercore,</span> <span class='ocrx_word' id='word_1_332' title='bbox 1234 2235 1322 2264; x_wconf 86' lang='lat' dir='ltr'>non</span> <span class='ocrx_word' id='word_1_333' title='bbox 1334 2232 1474 2264; x_wconf 88' lang='lat' dir='ltr'>tamen</span> <span class='ocrx_word' id='word_1_334' title='bbox 1486 2234 1704 2284; x_wconf 87' lang='lat' dir='ltr'>propterea</span> <span class='ocrx_word' id='word_1_335' title='bbox 1714 2216 1822 2266; x_wconf 68' lang='lat' dir='ltr'>male</span> <span class='ocrx_word' id='word_1_336' title='bbox 1834 2217 1939 2266; x_wconf 87' lang='lat' dir='ltr'>olidi</span> <span class='ocrx_word' id='word_1_337' title='bbox 1952 2218 2054 2267; x_wconf 84' lang='lat' dir='ltr'>sunt.</span> <span class='ocrx_word' id='word_1_338' title='bbox 2068 2222 2154 2266; x_wconf 87' lang='lat' dir='ltr'>Mi-</span> 
     </span>
     <span class='ocr_line' id='line_1_32' title="bbox 508 2281 2155 2351; baseline -0.001 -19"><span class='ocrx_word' id='word_1_339' title='bbox 508 2286 675 2332; x_wconf 87' lang='lat' dir='ltr'>scentur</span> <span class='ocrx_word' id='word_1_340' title='bbox 685 2299 771 2331; x_wconf 88' lang='lat' dir='ltr'>arte</span> <span class='ocrx_word' id='word_1_341' title='bbox 781 2281 1011 2351; x_wconf 84' lang='lat' dir='ltr'>hominum</span> <span class='ocrx_word' id='word_1_342' title='bbox 1023 2282 1240 2342; x_wconf 81' lang='lat' dir='ltr'>odores,vt</span> <span class='ocrx_word' id='word_1_343' title='bbox 1250 2281 1594 2351; x_wconf 78' lang='lat' dir='ltr'>sapores-,plurimi</span> <span class='ocrx_word' id='word_1_344' title='bbox 1624 2301 1674 2332; x_wconf 88' lang='lat' dir='ltr'>ue</span> <span class='ocrx_word' id='word_1_345' title='bbox 1686 2284 1812 2346; x_wconf 85' lang='lat' dir='ltr'>medij</span> <span class='ocrx_word' id='word_1_346' title='bbox 1826 2283 2016 2332; x_wconf 84' lang='lat' dir='ltr'>humano</span> <span class='ocrx_word' id='word_1_347' title='bbox 2026 2284 2155 2331; x_wconf 82' lang='lat' dir='ltr'>artifi-</span> 
     </span>
     <span class='ocr_line' id='line_1_33' title="bbox 509 2302 2154 2416; baseline -0.001 -19"><span class='ocrx_word' id='word_1_348' title='bbox 509 2355 579 2397; x_wconf 88' lang='lat' dir='ltr'>cio</span> <span class='ocrx_word' id='word_1_349' title='bbox 595 2349 703 2397; x_wconf 84' lang='lat' dir='ltr'>fiunt</span> <span class='ocrx_word' id='word_1_350' title='bbox 715 2368 765 2397; x_wconf 82' lang='lat' dir='ltr'>ex</span> <span class='ocrx_word' id='word_1_351' title='bbox 775 2347 1051 2406; x_wconf 54' lang='lat' dir='ltr'>elementisjd</span> <span class='ocrx_word' id='word_1_352' title='bbox 1067 2350 1125 2396; x_wconf 88' lang='lat' dir='ltr'>est</span> <span class='ocrx_word' id='word_1_353' title='bbox 1135 2349 1340 2396; x_wconf 83' lang='lat' dir='ltr'>odoribus</span> <span class='ocrx_word' id='word_1_354' title='bbox 1352 2366 1496 2397; x_wconf 88' lang='lat' dir='ltr'>natura</span> <span class='ocrx_word' id='word_1_355' title='bbox 1510 2302 1790 2398; x_wconf 59' lang='lat' dir='ltr'>conanntibus</span> <span class='ocrx_word' id='word_1_356' title='bbox 1804 2387 1814 2398; x_wconf 94' lang='lat'>.</span> <span class='ocrx_word' id='word_1_357' title='bbox 1830 2350 1882 2397; x_wconf 92' lang='lat' dir='ltr'>de</span> <span class='ocrx_word' id='word_1_358' title='bbox 1894 2349 1958 2397; x_wconf 82' lang='lat' dir='ltr'>his</span> <span class='ocrx_word' id='word_1_359' title='bbox 1970 2367 2154 2416; x_wconf 82' lang='lat' dir='ltr'>vnguen-</span> 
     </span>
     <span class='ocr_line' id='line_1_34' title="bbox 509 2412 2148 2482; baseline -0.001 -19"><span class='ocrx_word' id='word_1_360' title='bbox 509 2420 717 2463; x_wconf 81' lang='lat' dir='ltr'>tariorum</span> <span class='ocrx_word' id='word_1_361' title='bbox 731 2418 953 2480; x_wconf 86' lang='lat' dir='ltr'>negotium</span> <span class='ocrx_word' id='word_1_362' title='bbox 963 2415 1021 2462; x_wconf 88' lang='lat' dir='ltr'>est</span> <span class='ocrx_word' id='word_1_363' title='bbox 1033 2434 1045 2460; x_wconf 71' lang='grc' dir='ltr'><strong>ε</strong></span> <span class='ocrx_word' id='word_1_364' title='bbox 1055 2412 1173 2462; x_wconf 83' lang='lat' dir='ltr'>ficuti</span> <span class='ocrx_word' id='word_1_365' title='bbox 1185 2419 1318 2482; x_wconf 87' lang='lat' dir='ltr'>coqui</span> <span class='ocrx_word' id='word_1_366' title='bbox 1328 2414 1502 2462; x_wconf 81' lang='lat' dir='ltr'>artifices</span> <span class='ocrx_word' id='word_1_367' title='bbox 1516 2414 1606 2462; x_wconf 82' lang='lat' dir='ltr'>sunt</span> <span class='ocrx_word' id='word_1_368' title='bbox 1620 2414 1954 2464; x_wconf 84' lang='lat' dir='ltr'>condiendorum</span> <span class='ocrx_word' id='word_1_369' title='bbox 1972 2415 2148 2464; x_wconf 64' lang='lat' dir='ltr'>,miscen-</span> 
     </span>
     <span class='ocr_line' id='line_1_35' title="bbox 507 2478 2228 2548; baseline 0 -20"><span class='ocrx_word' id='word_1_370' title='bbox 507 2478 751 2547; x_wconf 79' lang='lat' dir='ltr'>dort&#39;imque</span> <span class='ocrx_word' id='word_1_371' title='bbox 771 2484 966 2547; x_wconf 80' lang='lat' dir='ltr'>iaporum</span> <span class='ocrx_word' id='word_1_372' title='bbox 977 2518 989 2528; x_wconf 92' lang='lat'><strong>.</strong></span> <span class='ocrx_word' id='word_1_373' title='bbox 1015 2483 1078 2527; x_wconf 89' lang='lat' dir='ltr'>Hi</span> <span class='ocrx_word' id='word_1_374' title='bbox 1095 2478 1195 2528; x_wconf 69' lang='lat' dir='ltr'>vero</span> <span class='ocrx_word' id='word_1_375' title='bbox 1221 2480 1376 2528; x_wconf 75' lang='lat' dir='ltr'>odores</span> <span class='ocrx_word' id='word_1_376' title='bbox 1396 2480 1570 2548; x_wconf 75' lang='lat' dir='ltr'>perfecti</span> <span class='ocrx_word' id='word_1_377' title='bbox 1580 2514 1594 2534; x_wconf 83' lang='lat'><strong>,</strong></span> <span class='ocrx_word' id='word_1_378' title='bbox 1612 2486 1688 2548; x_wconf 88' lang='lat' dir='ltr'>qui</span> <span class='ocrx_word' id='word_1_379' title='bbox 1698 2498 1842 2528; x_wconf 85' lang='lat' dir='ltr'>natura</span> <span class='ocrx_word' id='word_1_380' title='bbox 1852 2482 2064 2538; x_wconf 77' lang='lat' dir='ltr'>constant,</span> <span class='ocrx_word' id='word_1_381' title='bbox 2078 2480 2154 2528; x_wconf 85' lang='lat' dir='ltr'>ha-</span> <span class='ocrx_word' id='word_1_382' title='bbox 2178 2492 2228 2539; x_wconf 79' lang='grc' dir='ltr'><strong><em>Η</em></strong></span> 
     </span>
     <span class='ocr_line' id='line_1_36' title="bbox 507 2542 2152 2628; baseline 0.001 -35"><span class='ocrx_word' id='word_1_383' title='bbox 507 2547 610 2594; x_wconf 87' lang='lat' dir='ltr'>bent</span> <span class='ocrx_word' id='word_1_384' title='bbox 634 2554 677 2594; x_wconf 70' lang='grc' dir='ltr'>δε</span> <span class='ocrx_word' id='word_1_385' title='bbox 691 2544 765 2613; x_wconf 84' lang='lat' dir='ltr'>ipsi</span> <span class='ocrx_word' id='word_1_386' title='bbox 777 2545 926 2626; x_wconf 59' lang='lat' dir='ltr'>speeies</span> <span class='ocrx_word' id='word_1_387' title='bbox 939 2551 1223 2604; x_wconf 61' lang='lat' dir='ltr'>contraria-sm</span> <span class='ocrx_word' id='word_1_388' title='bbox 1234 2545 1410 2628; x_wconf 74' lang='lat' dir='ltr'>sapores„</span> <span class='ocrx_word' id='word_1_389' title='bbox 1426 2543 1686 2612; x_wconf 60' lang='lat' dir='ltr'>mediisque3</span> <span class='ocrx_word' id='word_1_390' title='bbox 1703 2542 1848 2594; x_wconf 74' lang='lat' dir='ltr'>vertitu</span> <span class='ocrx_word' id='word_1_391' title='bbox 1860 2546 1982 2594; x_wconf 81' lang='lat' dir='ltr'>nobis</span> <span class='ocrx_word' id='word_1_392' title='bbox 1996 2550 2152 2612; x_wconf 76' lang='lat' dir='ltr'>ignotae</span> 
     </span>
     <span class='ocr_line' id='line_1_37' title="bbox 507 2609 2152 2678; baseline 0.001 -19"><span class='ocrx_word' id='word_1_393' title='bbox 507 2617 549 2659; x_wconf 90' lang='lat' dir='ltr'>in</span> <span class='ocrx_word' id='word_1_394' title='bbox 555 2617 861 2678; x_wconf 81' lang='lat' dir='ltr'>nominataeque</span> <span class='ocrx_word' id='word_1_395' title='bbox 874 2610 1035 2669; x_wconf 83' lang='lat' dir='ltr'>sunt,eo</span> <span class='ocrx_word' id='word_1_396' title='bbox 1045 2609 1163 2677; x_wconf 64' lang='lat' dir='ltr'>quod</span> <span class='ocrx_word' id='word_1_397' title='bbox 1175 2630 1300 2678; x_wconf 82' lang='lat' dir='ltr'>praue</span> <span class='ocrx_word' id='word_1_398' title='bbox 1312 2610 1480 2660; x_wconf 75' lang='lat' dir='ltr'>olfaciat</span> <span class='ocrx_word' id='word_1_399' title='bbox 1492 2611 1630 2658; x_wconf 88' lang='lat' dir='ltr'>homo</span> <span class='ocrx_word' id='word_1_400' title='bbox 1642 2648 1652 2658; x_wconf 90' lang='lat'>.</span> <span class='ocrx_word' id='word_1_401' title='bbox 1664 2611 1822 2659; x_wconf 87' lang='lat' dir='ltr'>idcirco</span> <span class='ocrx_word' id='word_1_402' title='bbox 1832 2610 1922 2660; x_wconf 73' lang='lat' dir='ltr'>{atis</span> <span class='ocrx_word' id='word_1_403' title='bbox 1934 2610 2078 2660; x_wconf 83' lang='lat' dir='ltr'>hucus</span> <span class='ocrx_word' id='word_1_404' title='bbox 2098 2630 2152 2660; x_wconf 88' lang='lat' dir='ltr'>ue</span> 
     </span>
     <span class='ocr_line' id='line_1_38' title="bbox 505 2676 2152 2744; baseline 0 -18"><span class='ocrx_word' id='word_1_405' title='bbox 505 2678 561 2726; x_wconf 85' lang='lat' dir='ltr'>de</span> <span class='ocrx_word' id='word_1_406' title='bbox 583 2678 789 2726; x_wconf 83' lang='lat' dir='ltr'>odoribus</span> <span class='ocrx_word' id='word_1_407' title='bbox 809 2678 971 2725; x_wconf 70' lang='lat' dir='ltr'>distum</span> <span class='ocrx_word' id='word_1_408' title='bbox 995 2678 1127 2725; x_wconf 76' lang='lat' dir='ltr'>videri</span> <span class='ocrx_word' id='word_1_409' title='bbox 1146 2677 1270 2724; x_wconf 90' lang='lat' dir='ltr'>debet</span> <span class='ocrx_word' id='word_1_410' title='bbox 1284 2714 1294 2724; x_wconf 88' lang='lat'>.</span> <span class='ocrx_word' id='word_1_411' title='bbox 1308 2682 1502 2744; x_wconf 88' lang='lat' dir='ltr'>Sequitur</span> <span class='ocrx_word' id='word_1_412' title='bbox 1520 2694 1566 2725; x_wconf 77' lang='lat' dir='ltr'>vt</span> <span class='ocrx_word' id='word_1_413' title='bbox 1576 2695 1746 2743; x_wconf 84' lang='lat' dir='ltr'>agamus</span> <span class='ocrx_word' id='word_1_414' title='bbox 1766 2677 1820 2724; x_wconf 88' lang='lat' dir='ltr'>de</span> <span class='ocrx_word' id='word_1_415' title='bbox 1830 2676 1996 2726; x_wconf 78' lang='lat' dir='ltr'>colore.</span> <span class='ocrx_word' id='word_1_416' title='bbox 2010 2682 2050 2725; x_wconf 92' lang='lat' dir='ltr'>C</span> <span class='ocrx_word' id='word_1_417' title='bbox 2098 2696 2152 2726; x_wconf 85' lang='lat' dir='ltr'>o-</span> 
     </span>
     <span class='ocr_line' id='line_1_39' title="bbox 507 2740 2150 2810; baseline 0.001 -19"><span class='ocrx_word' id='word_1_418' title='bbox 507 2749 563 2791; x_wconf 83' lang='lat' dir='ltr'>ris</span> <span class='ocrx_word' id='word_1_419' title='bbox 587 2760 729 2791; x_wconf 74' lang='lat' dir='ltr'>natura</span> <span class='ocrx_word' id='word_1_420' title='bbox 755 2742 923 2808; x_wconf 83' lang='lat' dir='ltr'>longius</span> <span class='ocrx_word' id='word_1_421' title='bbox 943 2743 1063 2790; x_wconf 84' lang='lat' dir='ltr'>distat</span> <span class='ocrx_word' id='word_1_422' title='bbox 1081 2740 1105 2790; x_wconf 72' lang='grc' dir='ltr'>’.ὶ</span> <span class='ocrx_word' id='word_1_423' title='bbox 1125 2741 1392 2808; x_wconf 76' lang='lat' dir='ltr'>qualitatibus</span> <span class='ocrx_word' id='word_1_424' title='bbox 1412 2741 1722 2809; x_wconf 66' lang='lat' dir='ltr'>primis‚qufirn</span> <span class='ocrx_word' id='word_1_425' title='bbox 1744 2742 1894 2810; x_wconf 78' lang='lat' dir='ltr'>saporis</span> <span class='ocrx_word' id='word_1_426' title='bbox 1920 2742 2150 2810; x_wconf 79' lang='lat' dir='ltr'>odorisque</span> 
     </span>
     <span class='ocr_line' id='line_1_40' title="bbox 505 2806 2150 2876; baseline 0.001 -20"><span class='ocrx_word' id='word_1_427' title='bbox 505 2810 671 2875; x_wconf 85' lang='lat' dir='ltr'>species.</span> <span class='ocrx_word' id='word_1_428' title='bbox 683 2813 791 2856; x_wconf 87' lang='lat' dir='ltr'>Non</span> <span class='ocrx_word' id='word_1_429' title='bbox 805 2813 917 2856; x_wconf 86' lang='lat' dir='ltr'>enim</span> <span class='ocrx_word' id='word_1_430' title='bbox 937 2806 1061 2855; x_wconf 83' lang='lat' dir='ltr'>color</span> <span class='ocrx_word' id='word_1_431' title='bbox 1101 2826 1143 2855; x_wconf 92' lang='lat' dir='ltr'>er</span> <span class='ocrx_word' id='word_1_432' title='bbox 1155 2808 1194 2855; x_wconf 83' lang='lat' dir='ltr'>se</span> <span class='ocrx_word' id='word_1_433' title='bbox 1205 2806 1382 2856; x_wconf 87' lang='lat' dir='ltr'>efficitur</span> <span class='ocrx_word' id='word_1_434' title='bbox 1400 2827 1450 2855; x_wconf 81' lang='lat' dir='ltr'>ex</span> <span class='ocrx_word' id='word_1_435' title='bbox 1468 2808 1726 2856; x_wconf 84' lang='lat' dir='ltr'>admixtione</span> <span class='ocrx_word' id='word_1_436' title='bbox 1736 2806 1982 2874; x_wconf 83' lang='lat' dir='ltr'>qualitatum</span> <span class='ocrx_word' id='word_1_437' title='bbox 1994 2812 2150 2876; x_wconf 81' lang='lat' dir='ltr'>prima-</span> 
     </span>
     <span class='ocr_line' id='line_1_41' title="bbox 506 2826 2148 2941; baseline 0 -19"><span class='ocrx_word' id='word_1_438' title='bbox 506 2892 602 2922; x_wconf 83' lang='lat' dir='ltr'>rum</span> <span class='ocrx_word' id='word_1_439' title='bbox 614 2910 627 2930; x_wconf 82' lang='lat'><strong>,</strong></span> <span class='ocrx_word' id='word_1_440' title='bbox 639 2891 687 2923; x_wconf 81' lang='lat' dir='ltr'>vt</span> <span class='ocrx_word' id='word_1_441' title='bbox 707 2875 825 2941; x_wconf 80' lang='lat' dir='ltr'>sapor</span> <span class='ocrx_word' id='word_1_442' title='bbox 851 2882 893 2921; x_wconf 85' lang='lat'>&amp;</span> <span class='ocrx_word' id='word_1_443' title='bbox 917 2874 1029 2923; x_wconf 88' lang='lat' dir='ltr'>odor</span> <span class='ocrx_word' id='word_1_444' title='bbox 1039 2899 1051 2930; x_wconf 68' lang='grc'>,-,</span> <span class='ocrx_word' id='word_1_445' title='bbox 1065 2826 1133 2921; x_wconf 53' lang='lat' dir='ltr'>Ed</span> <span class='ocrx_word' id='word_1_446' title='bbox 1147 2871 1177 2920; x_wconf 83' lang='lat' dir='ltr'>si</span> <span class='ocrx_word' id='word_1_447' title='bbox 1189 2873 1262 2921; x_wconf 82' lang='lat' dir='ltr'>fiat</span> <span class='ocrx_word' id='word_1_448' title='bbox 1274 2892 1322 2920; x_wconf 83' lang='lat' dir='ltr'>ex</span> <span class='ocrx_word' id='word_1_449' title='bbox 1334 2891 1482 2921; x_wconf 85' lang='lat' dir='ltr'>eorum</span> <span class='ocrx_word' id='word_1_450' title='bbox 1495 2879 1700 2922; x_wconf 81' lang='lat' dir='ltr'>mixtione</span> <span class='ocrx_word' id='word_1_451' title='bbox 1722 2872 1842 2922; x_wconf 85' lang='lat' dir='ltr'>color</span> <span class='ocrx_word' id='word_1_452' title='bbox 1852 2910 1866 2931; x_wconf 92' lang='lat'>,</span> <span class='ocrx_word' id='word_1_453' title='bbox 1904 2892 1946 2921; x_wconf 89' lang='lat' dir='ltr'>er</span> <span class='ocrx_word' id='word_1_454' title='bbox 1956 2874 2148 2922; x_wconf 63' lang='lat' dir='ltr'>accidens</span> 
     </span>
     <span class='ocr_line' id='line_1_42' title="bbox 506 2937 2146 3006; baseline 0.001 -19"><span class='ocrx_word' id='word_1_455' title='bbox 506 2958 597 2987; x_wconf 87' lang='lat' dir='ltr'>non</span> <span class='ocrx_word' id='word_1_456' title='bbox 621 2958 693 3005; x_wconf 86' lang='lat' dir='ltr'>per</span> <span class='ocrx_word' id='word_1_457' title='bbox 715 2939 755 2987; x_wconf 60' lang='lat' dir='ltr'>,se</span> <span class='ocrx_word' id='word_1_458' title='bbox 777 2938 977 2987; x_wconf 87' lang='lat' dir='ltr'>efficietur</span> <span class='ocrx_word' id='word_1_459' title='bbox 989 2976 999 2987; x_wconf 92' lang='lat'>.</span> <span class='ocrx_word' id='word_1_460' title='bbox 1027 2944 1101 2986; x_wconf 90' lang='lat' dir='ltr'>Pet</span> <span class='ocrx_word' id='word_1_461' title='bbox 1123 2938 1161 2987; x_wconf 87' lang='lat' dir='ltr'>se</span> <span class='ocrx_word' id='word_1_462' title='bbox 1173 2937 1274 2986; x_wconf 71' lang='lat' dir='ltr'>verb</span> <span class='ocrx_word' id='word_1_463' title='bbox 1296 2938 1452 2986; x_wconf 80' lang='lat' dir='ltr'>coloris</span> <span class='ocrx_word' id='word_1_464' title='bbox 1474 2955 1620 2987; x_wconf 84' lang='lat' dir='ltr'>natura</span> <span class='ocrx_word' id='word_1_465' title='bbox 1638 2944 1820 3006; x_wconf 65' lang='lat' dir='ltr'>[equitur</span> <span class='ocrx_word' id='word_1_466' title='bbox 1840 2957 1862 2986; x_wconf 83' lang='lat' dir='ltr'>a</span> <span class='ocrx_word' id='word_1_467' title='bbox 1894 2944 2146 2988; x_wconf 84' lang='lat' dir='ltr'>mixtionem</span> 
     </span>
     <span class='ocr_line' id='line_1_43' title="bbox 507 3002 2146 3071; baseline 0.002 -20"><span class='ocrx_word' id='word_1_468' title='bbox 507 3004 677 3053; x_wconf 83' lang='lat' dir='ltr'>luminis</span> <span class='ocrx_word' id='word_1_469' title='bbox 699 3010 741 3053; x_wconf 91' lang='lat' dir='ltr'>in</span> <span class='ocrx_word' id='word_1_470' title='bbox 767 3023 813 3053; x_wconf 85' lang='lat' dir='ltr'>ea</span> <span class='ocrx_word' id='word_1_471' title='bbox 831 3022 1105 3071; x_wconf 82' lang='lat' dir='ltr'>natuta,quae</span> <span class='ocrx_word' id='word_1_472' title='bbox 1125 3005 1183 3051; x_wconf 89' lang='lat' dir='ltr'>est</span> <span class='ocrx_word' id='word_1_473' title='bbox 1203 3002 1374 3052; x_wconf 60' lang='lat' dir='ltr'>,luminis</span> <span class='ocrx_word' id='word_1_474' title='bbox 1386 3022 1478 3052; x_wconf 87' lang='lat' dir='ltr'>rece</span> <span class='ocrx_word' id='word_1_475' title='bbox 1508 3009 1614 3054; x_wconf 80' lang='lat' dir='ltr'>tina.</span> <span class='ocrx_word' id='word_1_476' title='bbox 1628 3003 1870 3054; x_wconf 82' lang='lat' dir='ltr'>huiusmodi</span> <span class='ocrx_word' id='word_1_477' title='bbox 1890 3002 1990 3054; x_wconf 71' lang='lat' dir='ltr'>vero</span> <span class='ocrx_word' id='word_1_478' title='bbox 2000 3022 2146 3054; x_wconf 81' lang='lat' dir='ltr'>natura</span> 
     </span>
     <span class='ocr_line' id='line_1_44' title="bbox 504 3067 2146 3138; baseline 0.001 -20"><span class='ocrx_word' id='word_1_479' title='bbox 504 3071 565 3118; x_wconf 85' lang='lat' dir='ltr'>est</span> <span class='ocrx_word' id='word_1_480' title='bbox 583 3071 837 3137; x_wconf 84' lang='lat' dir='ltr'>diaphanum</span> <span class='ocrx_word' id='word_1_481' title='bbox 853 3108 863 3118; x_wconf 88' lang='lat'>.</span> <span class='ocrx_word' id='word_1_482' title='bbox 879 3075 1025 3138; x_wconf 86' lang='lat' dir='ltr'>ltaque</span> <span class='ocrx_word' id='word_1_483' title='bbox 1047 3067 1173 3117; x_wconf 86' lang='lat' dir='ltr'>color</span> <span class='ocrx_word' id='word_1_484' title='bbox 1191 3069 1294 3117; x_wconf 90' lang='lat' dir='ltr'>nihil</span> <span class='ocrx_word' id='word_1_485' title='bbox 1316 3069 1428 3118; x_wconf 83' lang='lat' dir='ltr'>aliud</span> <span class='ocrx_word' id='word_1_486' title='bbox 1445 3089 1468 3117; x_wconf 94' lang='lat' dir='ltr'>e</span> <span class='ocrx_word' id='word_1_487' title='bbox 1512 3107 1526 3127; x_wconf 80' lang='lat'>,</span> <span class='ocrx_word' id='word_1_488' title='bbox 1540 3068 1668 3138; x_wconf 62' lang='lat' dir='ltr'>quim</span> <span class='ocrx_word' id='word_1_489' title='bbox 1690 3086 1922 3118; x_wconf 75' lang='lat' dir='ltr'>extremuni</span> <span class='ocrx_word' id='word_1_490' title='bbox 1948 3076 2146 3120; x_wconf 75' lang='lat' dir='ltr'>&amp;tenni-</span> 
     </span>
     <span class='ocr_line' id='line_1_45' title="bbox 504 3134 2144 3205; baseline -0.001 -20"><span class='ocrx_word' id='word_1_491' title='bbox 504 3153 581 3185; x_wconf 86' lang='lat' dir='ltr'>nus</span> <span class='ocrx_word' id='word_1_492' title='bbox 594 3135 789 3205; x_wconf 80' lang='lat' dir='ltr'>diaphani</span> <span class='ocrx_word' id='word_1_493' title='bbox 803 3141 887 3185; x_wconf 87' lang='lat' dir='ltr'>eius</span> <span class='ocrx_word' id='word_1_494' title='bbox 899 3173 913 3196; x_wconf 89' lang='lat'>,</span> <span class='ocrx_word' id='word_1_495' title='bbox 927 3135 1049 3204; x_wconf 87' lang='lat' dir='ltr'>quod</span> <span class='ocrx_word' id='word_1_496' title='bbox 1059 3135 1119 3184; x_wconf 88' lang='lat' dir='ltr'>est</span> <span class='ocrx_word' id='word_1_497' title='bbox 1139 3135 1298 3186; x_wconf 85' lang='lat' dir='ltr'>lumine</span> <span class='ocrx_word' id='word_1_498' title='bbox 1308 3134 1508 3186; x_wconf 76' lang='lat' dir='ltr'>affectum</span> <span class='ocrx_word' id='word_1_499' title='bbox 1524 3174 1534 3185; x_wconf 65' lang='lat'>.,</span> <span class='ocrx_word' id='word_1_500' title='bbox 1554 3140 1798 3186; x_wconf 83' lang='lat' dir='ltr'>Extremum</span> <span class='ocrx_word' id='word_1_501' title='bbox 1808 3134 1908 3188; x_wconf 69' lang='lat' dir='ltr'>veto</span> <span class='ocrx_word' id='word_1_502' title='bbox 1918 3142 1962 3186; x_wconf 85' lang='lat' dir='ltr'>in</span> <span class='ocrx_word' id='word_1_503' title='bbox 1974 3134 2144 3205; x_wconf 79' lang='lat' dir='ltr'>diapha-</span> 
     </span>
     <span class='ocr_line' id='line_1_46' title="bbox 2078 3220 2138 3252; baseline 0.017 -1"><span class='ocrx_word' id='word_1_504' title='bbox 2078 3220 2138 3252; x_wconf 84' lang='lat' dir='ltr'>no</span> 
     </span>
    </p>
   </div>
  </div>
 </body>
</html>
