2455 3671
379 300 497 365 320
940 264 1077 333 DE
1141 258 1899 332 VENETORVM

532 369 709 419 mesticae
717 366 909 416 nonnihil
920 365 1220 416 consulebat-ac
1230 366 1524 436 proderatJ-Iae
1532 366 1670 434 priscae
1680 364 1790 435 leges
1811 375 1855 415 &.
1865 365 2116 415 huiuim0di
2124 369 2190 416 in-
2252 358 2292 408 Ε

530 437 672 484 stituta
691 440 818 484 etiam
828 435 969 482 nostra
987 435 1230 501 tempestate
1239 433 1488 502 perdurant,
1500 431 1594 481 licet
1604 431 1792 501 plerique
1806 431 2087 483 adolescentes
2097 450 2190 482 am-

530 502 695 552 bitione
705 517 778 549 aut
798 499 898 549 luxu
907 501 1003 568 post
1021 498 1509 568 ampliatumimperium
1529 505 1719 567 corrupti
1739 503 1885 567 patrias
1906 499 2190 549 institutiones

529 567 797 636 neglexerint:
808 585 858 614 ac
868 571 1028 615 ciuium
1040 584 1095 614 co
1125 570 1164 613 ia
1174 566 1286 614 adeo
1296 569 1427 614 creuit
1435 579 1483 615 vt
1495 566 1634 614 nostra
1644 579 1762 613 aetate
1770 565 2056 633 ingruentibus
2066 563 2190 615 bellis

530 654 581 684 ac
591 651 728 683 rerum
739 633 1065 699 domesticarum
1104 631 1295 700 ispendiis
1305 629 1435 698 longe
1473 630 1582 679 lures
1591 629 1732 680 effoeti
1740 629 1821 680 fint
1829 649 2042 699 pauperes,
2055 629 2190 700 quam

531 718 578 750 vt
586 701 677 751 satis
689 696 936 748 consuliillis
948 713 1076 766 queat
1083 697 1196 746 istius
1207 696 1310 764 legis
1324 697 1405 746 ben
1461 702 1609 746 cio.1ta
1618 715 1804 766 namque
1812 711 1958 746 natura
1967 715 2190 766 compara-

531 784 626 816 tum
638 767 757 823 est‚vt
770 763 873 814 nihil
883 769 989 812 inter
998 763 1192 812 homines
1237 781 1454 831 erpetuum
1465 762 1544 812 effic
1615 761 1680 812 ffit
1691 783 1703 812 ε
1716 781 1863 812 verum
1876 767 2027 812 cuneta
2036 782 2192 832 quam-

532 838 596 881 uis
606 837 729 880 initio
741 829 919 899 persea-e
929 830 1153 878 constituta
1164 847 1187 877 e
1219 848 1244 877 e
1252 781 1614 896 viduataepollo
1588 828 1754 897 aliquot
1763 847 1896 878 annos
1908 846 2052 878 natura
2062 835 2106 878 in
2118 831 2192 879 de-

533 904 657 948 terius
667 897 833 946 labente
843 897 1136 945 instauratione
1145 896 1337 962 indigent
1348 914 1360 942 =
1372 893 1482 944 adei>
1492 910 1539 944 vt
1549 896 1918 964 quemadmodum
1930 914 2084 964 corpus
2096 898 2191 964 pri-

531 965 607 1014 dio
619 964 843 1013 saturatum
864 962 1019 1011 diutius
1030 960 1368 1010 incolumitatem
1389 961 1546 1010 seruare
1556 979 1645 1009 non
1668 963 1805 1030 potest
1816 961 1892 1009 nifi
1904 963 2000 1030 post
2023 961 2192 1030 aliquot

529 1030 655 1079 horas
665 1047 786 1079 coena
795 1030 1039 1077 succefferit:
1049 1025 1106 1076 fic
1116 1033 1159 1075 in
1169 1045 1422 1096 vnaquaque
1432 1045 1474 1075 re
1486 1026 1684 1096 opitulari
1694 1044 1890 1095 oporteat
1898 1045 2056 1076 naturae
2064 1029 2118 1076 ad
2126 1046 2193 1078 tn-
2216 1037 2249 1081 1²

530 1102 701 1146 teritum
712 1095 868 1143 labenti
879 1131 893 1153 ,
904 1110 1031 1161 atque
1039 1094 1380 1142 instaurationem
1391 1092 1598 1143 adhibere.
1614 1098 1734 1142 Huiu
1742 1096 1882 1143 linodi
1894 1101 2100 1143 rationem
2110 1112 2190 1144 nos

531 1181 709 1231 quoque
721 1166 821 1210 Deo
833 1161 940 1209 bene
958 1165 1131 1208 iuuante
1142 1159 1428 1217 imitabimur,
1436 1176 1486 1208 ac
1495 1158 1671 1228 aliquod
1686 1157 1923 1210 remedium
1936 1163 2193 1229 excogitabi-

530 1247 626 1278 mus
639 1266 650 1278 .
695 1244 755 1275 uo
766 1227 813 1275 fit
822 1243 868 1276 vt
877 1226 958 1275 hac
968 1229 1050 1274 etii
1059 1230 1102 1273 in
1111 1241 1224 1292 parte
1232 1224 1336 1273 nihil
1348 1224 1397 1274 fit
1406 1230 1450 1273 in
1460 1227 1601 1275 nostra
1610 1225 1844 1294 Republica
1853 1227 2188 1280 defiderandum.

531 1296 602 1344 sed
620 1295 674 1342 de
716 1298 748 1342 ir
768 1292 966 1341 hactenus
982 1329 992 1340 .
1007 1295 1137 1340 Nunc
1147 1290 1172 1339 a
1180 1293 1304 1340 nobis
1324 1291 1560 1340 recensendi
1574 1292 1667 1341 sunt
1688 1294 1948 1360 magistratus
1961 1301 2037 1362 qui
2058 1297 2189 1362 praefi-

531 1366 699 1410 ciuntur
707 1363 764 1408 rei
774 1363 994 1407 maritima:
1004 1395 1015 1406 .
1027 1362 1154 1424 Vnaq
1159 1374 1304 1425 uaeque
1315 1361 1491 1405 triremis
1502 1358 1557 1406 ad
1567 1357 1726 1407 bellum
1737 1360 1934 1409 instructa
1946 1359 2190 1427 praefedlmm

530 1425 660 1475 habet
669 1430 805 1474 virum
817 1428 1031 1492 patritium
1042 1460 1057 1482 ‚
1068 1427 1198 1491 quiin
1212 1440 1261 1470 ea
1271 1426 1428 1471 triremi
1438 1428 1636 1472 omnium
1676 1426 1896 1474 ott-statem
1907 1428 2190 1495 obtinet‚prae-

531 1491 725 1560 terquim
736 1489 877 1538 vltimi
897 1489 1081 1556 supplicij
1105 1487 1329 1537 inferendi.
1340 1487 1470 1538 veluti
1481 1494 1524 1537 in
1536 1505 1617 1538 tert
1695 1490 1867 1540 imilitia
1877 1494 2189 1552 Centurio‚seu

531 1564 635 1607 aciei
655 1555 869 1625 praefedtus
890 1571 1041 1603 eorum
1053 1571 1199 1602 curam
1219 1554 1374 1603 habent
1384 1560 1460 1622 qui
1475 1553 1629 1605 fuerint
1640 1561 1684 1604 in
1704 1557 1775 1605 sua
1786 1562 1872 1606 acie
1885 1596 1895 1606 .
1909 1562 1998 1607 Hic
2009 1564 2186 1608 triremis

530 1626 744 1693 praefectus
757 1637 903 1669 nautas
914 1617 1148 1687 cunstat'lue
1159 1638 1254 1687 quae
1264 1626 1308 1668 in
1318 1621 1388 1668 sua
1398 1626 1556 1669 triremi
1564 1623 1658 1670 funt
1668 1659 1682 1680 ,
1696 1631 1741 1671 δε
1752 1641 1847 1690 quae
1856 1624 1910 1672 ad
1921 1630 2008 1672 eius
2019 1643 2186 1692 appara-

531 1707 625 1738 tum
636 1689 795 1737 faciunt
805 1686 1022 1753 diligenter
1035 1702 1163 1734 curat.
1179 1691 1422 1748 Qtannis
1434 1693 1628 1754 quamuis
1640 1687 1754 1737 nulla
1762 1688 1970 1739 neceffitas
1982 1690 2188 1750 fit‚Vcne-

530 1761 566 1804 ti
575 1754 739 1822 aliquot
760 1758 948 1802 triremes
959 1768 1121 1800 armant
1131 1789 1144 1811 ,
1157 1770 1252 1819 quae
1262 1753 1436 1801 reddant
1450 1771 1564 1801 mare
1584 1770 1724 1803 tutum
1746 1757 2034 1822 nauigantibus
2046 1794 2059 1816 ,
2072 1758 2186 1806 secu·
2207 1766 2253 1813 G

531 1819 706 1888 tamque
717 1822 1031 1886 nauigationem
1043 1816 1284 1885 compressis
1294 1823 1432 1886 piratis
1444 1820 1630 1887 praestent
1644 1825 1742 1870 viris
1754 1821 1876 1869 bonis
1888 1827 1964 1888 qui
1972 1841 2032 1870 res
2042 1820 2130 1871 suas
2142 1843 2187 1873 a·

531 1904 638 1955 gunt
648 1884 733 1935 sinc
743 1884 915 1934 alicuius
927 1889 1075 1932 iniuria
1086 1921 1098 1932 .
1113 1889 1263 1932 Praeter
1282 1890 1514 1933 triremium
1525 1885 1710 1953 praefidcs
1722 1889 1780 1935 cst
1792 1891 1922 1936 totius
1934 1887 2063 1936 claffis
2076 1889 2186 1956 lega-

531 1972 601 2002 tus
613 1990 628 2013 ,
640 1958 713 2020 qui
734 1955 960 2018 imperium
980 1950 1108 1998 habet
1129 1955 1172 1998 in
1183 1949 1416 1999 vniuctssm
1430 1950 1593 1999 claffem
1606 1989 1620 2007 ‚
1635 1961 1677 2000 &
1689 1958 1734 2001 in
1753 1957 1929 2001 cunctos
1950 1959 2186 2005 triremium

532 2018 747 2088 praefetltos
761 2054 771 2065 .
783 2016 854 2066 hic
864 2015 993 2065 veluti
1013 2015 1170 2082 legatus
1190 2021 1390 2065 exercitus
1401 2054 1415 2076 ,
1427 2016 1502 2064 nisi
1523 2016 1628 2066 adfit
1647 2023 1879 2086 Imperator
1887 2057 1900 2078 ,
1912 2024 1974 2068 ius
1995 2019 2122 2070 habet
2139 2031 2185 2071 &t

532 2090 668 2153 capite
679 2082 910 2131 molestandi
921 2100 1031 2149 quos
1042 2081 1143 2130 velit
1155 2091 1198 2130 &
1208 2082 1413 2148 dirigendi
1423 2081 1588 2132 claffcm
1599 2085 1688 2152 qud
1700 2083 1894 2134 maluerit
1904 2124 1914 2134 .
1928 2085 1998 2134 hic
2008 2104 2186 2154 quoque

532 2151 796 2217 magistratus
807 2149 965 2215 semper
975 2146 1060 2195 fere
1070 2152 1194 2196 etiam
1208 2153 1318 2215 pacis
1331 2165 1524 2216 tempore
1534 2167 1714 2208 creatur,
1756 2151 2026 2218 raeficiturque
2036 2151 2100 2200 his
2112 2159 2185 2201 tri-

531 2216 718 2266 remibus
729 2252 743 2272 ‚
787 2232 850 2262 uae
870 2231 1036 2262 armata·
1046 2216 1137 2261 sunt
1147 2251 1158 2262 .
1174 2213 1312 2292 Qd
1323 2213 1354 2261 fi
1365 2231 1556 2282 tempora
1567 2218 1732 2283 Reipub
1750 2222 1822 2264 icae
1844 2222 1899 2264 ita
1910 2217 2122 2285 postulent
2134 2235 2180 2267 vr

533 2299 689 2349 magna
699 2234 827 2329 cla‘lfis
839 2280 1018 2347 paranda
1029 2280 1191 2333 fit‚tunc
1201 2281 1395 2328 vmuersae
1405 2279 1514 2328 claffi
1534 2282 1760 2349 praeficiunt
1772 2288 2070 2350 Imperatorem
2082 2322 2094 2342 ,
2106 2289 2183 2351 qui

535 2365 629 2396 tum
641 2354 683 2395 in
695 2345 811 2395 class'e
821 2362 916 2394 turn
926 2350 970 2393 in
982 2349 1139 2393 cunetis
1161 2351 1386 2413 prouinciis
1397 2352 1614 2395 maritimis
1626 2348 1918 2416 ampliffimam
1934 2351 2181 2417 potestatem

533 2413 662 2462 habet
672 2439 684 2471 ·,
696 2431 745 2460 ac
765 2430 857 2460 cam
871 2410 1005 2479 prope
1023 2428 1154 2479 quam
1165 2410 1272 2459 olim
1285 2417 1327 2459 in
1339 2417 1535 2461 Romana
1557 2415 1790 2481 Republica
1816 2420 2014 2464 Dictator
2034 2422 2182 2464 retine·-

534 2481 629 2538 bat;
642 2477 718 2526 nifi
729 2478 849 2545 quod
861 2478 1059 2525 omnibus
1071 2482 1113 2524 in
1125 2479 1246 2526 rebus
1286 2494 1372 2526 aret
1381 2484 1593 2528 autoritati
1604 2485 1774 2528 Senatus
1788 2490 1829 2529 δι
1844 2481 2100 2549 Reipublicae
2109 2483 2182 2530 de·
2228 2476 2282 2522 H

534 2551 657 2594 cretis
667 2581 678 2591 .
691 2545 903 2592 summum
916 2560 1055 2591 tamen
1065 2541 1126 2591 illi
1136 2548 1199 2590 ius
1211 2496 1414 2592 tributum
1426 2546 1484 2593 est
1494 2582 1508 2603 ‚
1520 2563 1618 2593 cum
1630 2551 1673 2593 in
1684 2545 1846 2595 claffem
1858 2585 1872 2606 „
1884 2546 2112 2614 pascatis,
2124 2546 2182 2596 le-

533 2610 704 2678 gatosve
724 2608 852 2658 claffis
864 2647 876 2668 ,
889 2626 980 2657 tum
1003 2614 1045 2657 in
1055 2625 1250 2677 praetorcs
1269 2627 1318 2658 ac
1336 2612 1592 2677 magistratus
1614 2630 1764 2660 omnes
1786 2618 1860 2680 qui
1880 2633 1978 2662 cum
1999 2619 2056 2660 im
2062 2619 2179 2680 perio

534 2678 628 2726 sunt
648 2681 690 2724 in
702 2675 805 2724 locis
819 2673 1041 2742 insulisque
1060 2681 1278 2725 maritimis
1288 2712 1303 2732 ,
1313 2694 1361 2724 ac
1371 2694 1524 2725 munus
1546 2677 1761 2744 publicum
1783 2695 1971 2727 exercent
1983 2699 1993 2726 z
2005 2678 2112 2727 adeo
2132 2695 2180 2729 vt

536 2761 636 2792 cum
649 2741 776 2790 claffis
799 2746 1031 2808 Imperator
1040 2741 1096 2788 ad
1112 2740 1298 2808 aliquam
1309 2747 1520 2791 ciuitatem
1540 2745 1769 2798 accesserit,
1780 2743 1984 2794 continuo
1995 2750 2033 2793 ei
2053 2747 2180 2793 sacer-

535 2812 690 2858 dotum
712 2807 839 2855 clcrus
855 2808 1027 2855 obuiam
1049 2807 1221 2873 prodeat
1232 2845 1245 2867 ,
1258 2807 1392 2856 claues
1404 2826 1620 2876 portarum
1634 2818 1677 2858 &
1689 2816 1846 2859 arcium
1858 2817 1896 2859 ei
1908 2812 2078 2870 dentur,
2090 2818 2179 2859 iura

534 2891 758 2943 praetorum
783 2873 924 2921 fileant
935 2909 947 2930 ,
959 2874 1012 2920 ab
1024 2874 1222 2921 omnibus
1245 2876 1544 2940 magistratibus
1556 2876 1608 2923 ad
1630 2881 1930 2944 Imperatorem
1950 2876 2071 2925 liceat
2083 2895 2178 2944 pro-

535 2958 689 2989 uocare
702 2978 711 2988 .
727 2945 847 3000 an
870 2938 900 2986 si
912 2944 968 2987 ita
979 2944 1017 2986 ei
1039 2937 1203 2987 libuerit
1215 2978 1227 2998 ,
1240 2941 1374 3007 potest
1393 2939 1502 2988 solus
1523 2947 1588 2989 ius
1598 2942 1733 2990 dicere
1743 2979 1756 3000 ,
1768 2942 1877 2990 solus
1897 2943 2181 2991 administrare

535 3010 754 3075 pecuniam
769 3004 979 3072 publicam
991 3042 1004 3063 ,
1016 3023 1063 3052 ac
1075 3006 1261 3073 denique
1270 3004 1379 3054 solus
1392 3012 1588 3056 omnium
1608 3009 1856 3076 potestatem
1877 3008 2004 3057 habet
2014 3047 2024 3058 .
2038 3007 2176 3057 nullus

536 3094 558 3120 c
606 3091 630 3120 a
661 3071 717 3120 ud
730 3077 915 3120 Venetos
936 3069 1191 3137 magistratus
1203 3078 1375 3120 maioris
1396 3079 1625 3123 autoritatis
1637 3111 1651 3130 ,
1661 3073 1815 3123 idcirco
1827 3091 1919 3122 raro
1936 3075 2177 3123 admodum

537 3090 658 3186 classl'
659 3142 891 3205 Imperator
903 3137 1121 3205 praeficitur
1132 3176 1142 3187 .
1161 3142 1270 3186 Non
1280 3144 1391 3187 enim
1403 3155 1557 3189 temere
1567 3138 1641 3188 nifi
1652 3158 1792 3191 rerum
1801 3140 2008 3190 neceffitas
2024 3147 2082 3190 ita
2092 3145 2177 3189 exi·

2104 3223 2175 3274 gat
