<?xml version="1.0" encoding="UTF-8"?>
<!DOCTYPE html PUBLIC "-//W3C//DTD XHTML 1.0 Transitional//EN"
    "http://www.w3.org/TR/xhtml1/DTD/xhtml1-transitional.dtd">
<html xmlns="http://www.w3.org/1999/xhtml" xml:lang="en" lang="en">
 <head>
  <title>
</title>
<meta http-equiv="Content-Type" content="text/html;charset=utf-8" />
  <meta name='ocr-system' content='tesseract 3.04.00' />
  <meta name='ocr-capabilities' content='ocr_page ocr_carea ocr_par ocr_line ocrx_word'/>
</head>
<body>
  <div class='ocr_page' id='page_1' title='image "./opera00contgoog/opera00contgoog_0187.png"; bbox 0 0 2455 3671; ppageno 0'>
   <div class='ocr_carea' id='block_1_1' title="bbox 315 314 427 380">
    <p class='ocr_par' dir='ltr' id='par_1_1' title="bbox 315 314 427 380">
     <span class='ocr_line' id='line_1_1' title="bbox 315 314 427 380; baseline -0.027 -18"><span class='ocrx_word' id='word_1_1' title='bbox 315 314 427 380; x_wconf 86' lang='lat'><strong>142</strong></span> 
     </span>
    </p>
   </div>
   <div class='ocr_carea' id='block_1_2' title="bbox 600 262 1980 344">
    <p class='ocr_par' dir='ltr' id='par_1_2' title="bbox 600 262 1980 344">
     <span class='ocr_line' id='line_1_2' title="bbox 600 262 1980 344; baseline -0.007 0"><span class='ocrx_word' id='word_1_2' title='bbox 600 267 1054 344; x_wconf 87' lang='lat' dir='ltr'>PRIMAE</span> <span class='ocrx_word' id='word_1_3' title='bbox 1118 262 1980 336; x_wconf 87' lang='lat' dir='ltr'>PHILOSOPHIAE</span> 
     </span>
    </p>
   </div>
   <div class='ocr_carea' id='block_1_3' title="bbox 455 370 2205 3261">
    <p class='ocr_par' dir='ltr' id='par_1_3' title="bbox 455 370 2205 3261">
     <span class='ocr_line' id='line_1_3' title="bbox 457 370 2184 446; baseline -0.001 -20"><span class='ocrx_word' id='word_1_4' title='bbox 457 376 597 446; x_wconf 73' lang='lat' dir='ltr'><strong>quani</strong></span> <span class='ocrx_word' id='word_1_5' title='bbox 611 376 749 444; x_wconf 77' lang='lat' dir='ltr'><strong>ipfitm</strong></span> <span class='ocrx_word' id='word_1_6' title='bbox 770 373 889 424; x_wconf 83' lang='lat' dir='ltr'><strong>eausa</strong></span> <span class='ocrx_word' id='word_1_7' title='bbox 899 374 971 423; x_wconf 83' lang='lat' dir='ltr'><strong>est:</strong></span> <span class='ocrx_word' id='word_1_8' title='bbox 984 370 1249 442; x_wconf 65' lang='lat' dir='ltr'><strong>proindeque</strong></span> <span class='ocrx_word' id='word_1_9' title='bbox 1260 370 1462 420; x_wconf 76' lang='lat' dir='ltr'><strong>nonnulli</strong></span> <span class='ocrx_word' id='word_1_10' title='bbox 1470 386 1622 439; x_wconf 85' lang='lat' dir='ltr'><strong>gerunt</strong></span> <span class='ocrx_word' id='word_1_11' title='bbox 1630 375 1815 422; x_wconf 51' lang='lat' dir='ltr'><strong>auctoris</strong></span> <span class='ocrx_word' id='word_1_12' title='bbox 1823 371 2110 434; x_wconf 70' lang='lat' dir='ltr'><strong>fimffimdine&#39;,</strong></span> <span class='ocrx_word' id='word_1_13' title='bbox 2142 389 2184 440; x_wconf 73' lang='grc' dir='ltr'><strong>Ε.</strong></span> 
     </span>
     <span class='ocr_line' id='line_1_4' title="bbox 457 435 2114 510; baseline -0.002 -16"><span class='ocrx_word' id='word_1_14' title='bbox 457 441 694 494; x_wconf 71' lang='grc' dir='ltr'><strong>ἱηῐεΙΙσᾶυε</strong></span> <span class='ocrx_word' id='word_1_15' title='bbox 706 442 837 490; x_wconf 87' lang='lat' dir='ltr'><strong>nostri</strong></span> <span class='ocrx_word' id='word_1_16' title='bbox 846 444 953 489; x_wconf 85' lang='lat' dir='ltr'><strong>acies</strong></span> <span class='ocrx_word' id='word_1_17' title='bbox 963 439 1129 488; x_wconf 83' lang='lat' dir='ltr'><strong>infirma</strong></span> <span class='ocrx_word' id='word_1_18' title='bbox 1141 456 1326 506; x_wconf 86' lang='lat' dir='ltr'><strong>quoquo</strong></span> <span class='ocrx_word' id='word_1_19' title='bbox 1342 441 1468 506; x_wconf 66' lang='lat' dir='ltr'><strong>pasto</strong></span> <span class='ocrx_word' id='word_1_20' title='bbox 1478 445 1524 486; x_wconf 88' lang='lat' dir='ltr'><strong>in</strong></span> <span class='ocrx_word' id='word_1_21' title='bbox 1536 435 1936 507; x_wconf 17' lang='lat' dir='ltr'><strong>seheffingerenititut</strong></span> <span class='ocrx_word' id='word_1_22' title='bbox 1948 460 1962 487; x_wconf 66' lang='grc' dir='ltr'>ι</span> <span class='ocrx_word' id='word_1_23' title='bbox 1972 439 2114 510; x_wconf 82' lang='lat' dir='ltr'><strong>ipsum</strong></span> 
     </span>
     <span class='ocr_line' id='line_1_5' title="bbox 457 505 2115 575; baseline -0.003 -15"><span class='ocrx_word' id='word_1_24' title='bbox 457 527 603 560; x_wconf 86' lang='lat' dir='ltr'><strong>tamen</strong></span> <span class='ocrx_word' id='word_1_25' title='bbox 623 514 667 558; x_wconf 88' lang='lat' dir='ltr'><strong>in</strong></span> <span class='ocrx_word' id='word_1_26' title='bbox 689 508 727 556; x_wconf 77' lang='lat' dir='ltr'><strong>se</strong></span> <span class='ocrx_word' id='word_1_27' title='bbox 749 508 870 575; x_wconf 86' lang='lat' dir='ltr'><strong>super</strong></span> <span class='ocrx_word' id='word_1_28' title='bbox 882 509 1031 555; x_wconf 85' lang='lat' dir='ltr'><strong>omnia</strong></span> <span class='ocrx_word' id='word_1_29' title='bbox 1051 523 1099 554; x_wconf 89' lang='lat' dir='ltr'><strong>ea</strong></span> <span class='ocrx_word' id='word_1_30' title='bbox 1109 506 1169 553; x_wconf 91' lang='lat' dir='ltr'><strong>est</strong></span> <span class='ocrx_word' id='word_1_31' title='bbox 1179 540 1195 562; x_wconf 81' lang='lat'><em>,</em></span> <span class='ocrx_word' id='word_1_32' title='bbox 1205 521 1468 574; x_wconf 82' lang='lat' dir='ltr'><strong>quaecunque</strong></span> <span class='ocrx_word' id='word_1_33' title='bbox 1488 506 1628 554; x_wconf 82' lang='lat' dir='ltr'><strong>nostra</strong></span> <span class='ocrx_word' id='word_1_34' title='bbox 1637 521 1712 555; x_wconf 86' lang='lat' dir='ltr'><strong>aut</strong></span> <span class='ocrx_word' id='word_1_35' title='bbox 1722 510 1852 555; x_wconf 84' lang='lat' dir='ltr'><strong>etiam</strong></span> <span class='ocrx_word' id='word_1_36' title='bbox 1862 512 2022 574; x_wconf 80' lang='lat' dir='ltr'><strong>quaeuis</strong></span> <span class='ocrx_word' id='word_1_37' title='bbox 2034 505 2115 556; x_wconf 84' lang='lat' dir='ltr'><strong>alia</strong></span> 
     </span>
     <span class='ocr_line' id='line_1_6' title="bbox 458 570 2116 642; baseline -0.002 -16"><span class='ocrx_word' id='word_1_38' title='bbox 458 595 578 626; x_wconf 85' lang='lat' dir='ltr'><strong>mens</strong></span> <span class='ocrx_word' id='word_1_39' title='bbox 599 579 820 642; x_wconf 78' lang='lat' dir='ltr'><strong>concipere</strong></span> <span class='ocrx_word' id='word_1_40' title='bbox 839 573 999 640; x_wconf 89' lang='lat' dir='ltr'><strong>potest.</strong></span> <span class='ocrx_word' id='word_1_41' title='bbox 1011 571 1153 641; x_wconf 85' lang='lat' dir='ltr'><strong>ipsum</strong></span> <span class='ocrx_word' id='word_1_42' title='bbox 1161 587 1305 620; x_wconf 48' lang='lat' dir='ltr'><strong>tamen*</strong></span> <span class='ocrx_word' id='word_1_43' title='bbox 1319 570 1526 639; x_wconf 85' lang='lat' dir='ltr'><strong>quicquid</strong></span> <span class='ocrx_word' id='word_1_44' title='bbox 1545 572 1604 620; x_wconf 89' lang='lat' dir='ltr'><strong>est</strong></span> <span class='ocrx_word' id='word_1_45' title='bbox 1620 608 1635 630; x_wconf 88' lang='lat'><strong>,</strong></span> <span class='ocrx_word' id='word_1_46' title='bbox 1647 571 1886 622; x_wconf 65' lang='lat' dir='ltr'><strong>minimeab</strong></span> <span class='ocrx_word' id='word_1_47' title='bbox 1906 571 2028 622; x_wconf 80' lang='lat' dir='ltr'><strong>vllius</strong></span> <span class='ocrx_word' id='word_1_48' title='bbox 2050 578 2116 622; x_wconf 87' lang='lat' dir='ltr'><strong>in-</strong></span> 
     </span>
     <span class='ocr_line' id='line_1_7' title="bbox 458 635 2119 707; baseline -0.003 -15"><span class='ocrx_word' id='word_1_49' title='bbox 458 641 630 692; x_wconf 65' lang='lat' dir='ltr'><strong>tellectu</strong></span> <span class='ocrx_word' id='word_1_50' title='bbox 651 638 1047 707; x_wconf 85' lang='lat' dir='ltr'><strong>comprehenditur.</strong></span> <span class='ocrx_word' id='word_1_51' title='bbox 1060 643 1195 688; x_wconf 82' lang='lat' dir='ltr'><strong>Cuius</strong></span> <span class='ocrx_word' id='word_1_52' title='bbox 1216 642 1277 686; x_wconf 85' lang='lat' dir='ltr'><strong>rei</strong></span> <span class='ocrx_word' id='word_1_53' title='bbox 1288 635 1359 686; x_wconf 88' lang='lat' dir='ltr'><strong>illa</strong></span> <span class='ocrx_word' id='word_1_54' title='bbox 1368 642 1479 686; x_wconf 85' lang='lat' dir='ltr'><strong>ratio</strong></span> <span class='ocrx_word' id='word_1_55' title='bbox 1499 638 1690 696; x_wconf 67' lang='lat' dir='ltr'><strong>elimam</strong></span> <span class='ocrx_word' id='word_1_56' title='bbox 1702 637 2119 706; x_wconf 81' lang='lat' dir='ltr'><strong>quicquidintelligi-</strong></span> 
     </span>
     <span class='ocr_line' id='line_1_8' title="bbox 461 701 2116 773; baseline -0.002 -15"><span class='ocrx_word' id='word_1_57' title='bbox 461 727 581 767; x_wconf 86' lang='lat' dir='ltr'><strong>mus,</strong></span> <span class='ocrx_word' id='word_1_58' title='bbox 593 702 771 756; x_wconf 58' lang='lat' dir='ltr'><strong>definita</strong></span> <span class='ocrx_word' id='word_1_59' title='bbox 785 705 971 773; x_wconf 85' lang='lat' dir='ltr'><strong>quadam</strong></span> <span class='ocrx_word' id='word_1_60' title='bbox 991 722 1041 753; x_wconf 88' lang='lat' dir='ltr'><strong>ac</strong></span> <span class='ocrx_word' id='word_1_61' title='bbox 1061 720 1173 753; x_wconf 86' lang='lat' dir='ltr'><strong>certa</strong></span> <span class='ocrx_word' id='word_1_62' title='bbox 1191 705 1350 771; x_wconf 81' lang='lat' dir='ltr'><strong>specie,</strong></span> <span class='ocrx_word' id='word_1_63' title='bbox 1366 721 1461 772; x_wconf 84' lang='lat' dir='ltr'><strong>quae</strong></span> <span class='ocrx_word' id='word_1_64' title='bbox 1479 701 1712 753; x_wconf 62' lang='lat' dir='ltr'><strong>intellefims</strong></span> <span class='ocrx_word' id='word_1_65' title='bbox 1734 706 1866 754; x_wconf 87' lang='lat' dir='ltr'><strong>nostri</strong></span> <span class='ocrx_word' id='word_1_66' title='bbox 1886 703 2116 765; x_wconf 86' lang='lat' dir='ltr'><strong>formaest,</strong></span> 
     </span>
     <span class='ocr_line' id='line_1_9' title="bbox 457 768 2118 841; baseline -0.001 -18"><span class='ocrx_word' id='word_1_67' title='bbox 457 772 753 841; x_wconf 83' lang='lat' dir='ltr'><strong>intelligimus:</strong></span> <span class='ocrx_word' id='word_1_68' title='bbox 769 771 1049 839; x_wconf 83' lang='lat' dir='ltr'><strong>quamobrem</strong></span> <span class='ocrx_word' id='word_1_69' title='bbox 1063 768 1193 829; x_wconf 85' lang='lat' dir='ltr'><strong>illud,</strong></span> <span class='ocrx_word' id='word_1_70' title='bbox 1206 770 1328 837; x_wconf 88' lang='lat' dir='ltr'><strong>quod</strong></span> <span class='ocrx_word' id='word_1_71' title='bbox 1349 768 1467 838; x_wconf 85' lang='lat' dir='ltr'><strong>supra</strong></span> <span class='ocrx_word' id='word_1_72' title='bbox 1488 787 1704 838; x_wconf 79' lang='lat' dir='ltr'><strong>quantum</strong></span> <span class='ocrx_word' id='word_1_73' title='bbox 1736 789 1790 819; x_wconf 90' lang='lat' dir='ltr'><strong>ue</strong></span> <span class='ocrx_word' id='word_1_74' title='bbox 1810 771 2028 821; x_wconf 64' lang='lat' dir='ltr'><strong>definitam</strong></span> <span class='ocrx_word' id='word_1_75' title='bbox 2044 788 2118 822; x_wconf 82' lang='lat' dir='ltr'><strong>na-</strong></span> 
     </span>
     <span class='ocr_line' id='line_1_10' title="bbox 460 789 2123 906; baseline -0.002 -17"><span class='ocrx_word' id='word_1_76' title='bbox 460 857 601 890; x_wconf 81' lang='lat' dir='ltr'>turam</span> <span class='ocrx_word' id='word_1_77' title='bbox 625 840 684 888; x_wconf 92' lang='lat' dir='ltr'><strong>est</strong></span> <span class='ocrx_word' id='word_1_78' title='bbox 692 875 708 898; x_wconf 87' lang='lat'><strong>‚</strong></span> <span class='ocrx_word' id='word_1_79' title='bbox 717 844 857 886; x_wconf 87' lang='lat' dir='ltr'><strong>immo</strong></span> <span class='ocrx_word' id='word_1_80' title='bbox 875 838 994 905; x_wconf 87' lang='lat' dir='ltr'><strong>supra</strong></span> <span class='ocrx_word' id='word_1_81' title='bbox 1014 840 1209 904; x_wconf 77' lang='lat' dir='ltr'><strong>quamuis</strong></span> <span class='ocrx_word' id='word_1_82' title='bbox 1234 835 1524 884; x_wconf 82' lang='lat' dir='ltr'><strong>definitionem</strong></span> <span class='ocrx_word' id='word_1_83' title='bbox 1532 873 1546 895; x_wconf 89' lang='lat'>‚</span> <span class='ocrx_word' id='word_1_84' title='bbox 1558 789 1738 885; x_wconf 52' lang='lat' dir='ltr'><strong>minim}</strong></span> <span class='ocrx_word' id='word_1_85' title='bbox 1744 838 1884 906; x_wconf 86' lang='lat' dir='ltr'><strong>potest</strong></span> <span class='ocrx_word' id='word_1_86' title='bbox 1892 837 1946 886; x_wconf 88' lang='lat' dir='ltr'><strong>ab</strong></span> <span class='ocrx_word' id='word_1_87' title='bbox 1956 835 2123 886; x_wconf 83' lang='lat' dir='ltr'><strong>intelle-</strong></span> 
     </span>
     <span class='ocr_line' id='line_1_11' title="bbox 462 902 2126 972; baseline -0.002 -17"><span class='ocrx_word' id='word_1_88' title='bbox 462 911 535 955; x_wconf 72' lang='lat' dir='ltr'><strong>&amp;u</strong></span> <span class='ocrx_word' id='word_1_89' title='bbox 546 910 696 972; x_wconf 86' lang='lat' dir='ltr'><strong>attingi</strong></span> <span class='ocrx_word' id='word_1_90' title='bbox 707 941 722 963; x_wconf 90' lang='lat'><strong>,</strong></span> <span class='ocrx_word' id='word_1_91' title='bbox 736 902 813 952; x_wconf 85' lang='lat' dir='ltr'><strong>nifi</strong></span> <span class='ocrx_word' id='word_1_92' title='bbox 835 903 1043 952; x_wconf 85' lang='lat' dir='ltr'><strong>deficienti</strong></span> <span class='ocrx_word' id='word_1_93' title='bbox 1061 907 1242 951; x_wconf 87' lang='lat' dir='ltr'><strong>notione</strong></span> <span class='ocrx_word' id='word_1_94' title='bbox 1254 922 1266 949; x_wconf 68' lang='grc' dir='ltr'><strong>ε</strong></span> <span class='ocrx_word' id='word_1_95' title='bbox 1278 902 1486 970; x_wconf 86' lang='lat' dir='ltr'><strong>quicquid</strong></span> <span class='ocrx_word' id='word_1_96' title='bbox 1570 921 1600 950; x_wconf 92' lang='lat' dir='ltr'><strong>o</strong></span> <span class='ocrx_word' id='word_1_97' title='bbox 1612 903 1667 952; x_wconf 90' lang='lat' dir='ltr'><strong>de</strong></span> <span class='ocrx_word' id='word_1_98' title='bbox 1676 903 1767 971; x_wconf 87' lang='lat' dir='ltr'><strong>ipso</strong></span> <span class='ocrx_word' id='word_1_99' title='bbox 1780 903 1962 952; x_wconf 80' lang='lat' dir='ltr'><strong>dicimus</strong></span> <span class='ocrx_word' id='word_1_100' title='bbox 1972 940 1988 963; x_wconf 88' lang='lat'>,</span> <span class='ocrx_word' id='word_1_101' title='bbox 1998 908 2126 969; x_wconf 37' lang='lat' dir='ltr'><strong>noui-0</strong></span> 
     </span>
     <span class='ocr_line' id='line_1_12' title="bbox 462 919 2120 1039; baseline -0.002 -18"><span class='ocrx_word' id='word_1_102' title='bbox 462 991 557 1022; x_wconf 84' lang='lat' dir='ltr'><strong>mus</strong></span> <span class='ocrx_word' id='word_1_103' title='bbox 579 990 629 1020; x_wconf 81' lang='lat' dir='ltr'><strong>ae</strong></span> <span class='ocrx_word' id='word_1_104' title='bbox 639 974 901 1039; x_wconf 80' lang='lat' dir='ltr'><strong>concipimus</strong></span> <span class='ocrx_word' id='word_1_105' title='bbox 923 967 1046 1028; x_wconf 83' lang='lat' dir='ltr'><strong>,infra</strong></span> <span class='ocrx_word' id='word_1_106' title='bbox 1063 967 1201 1036; x_wconf 89' lang='lat' dir='ltr'><strong>ipsum</strong></span> <span class='ocrx_word' id='word_1_107' title='bbox 1212 970 1272 1016; x_wconf 89' lang='lat' dir='ltr'><strong>est</strong></span> <span class='ocrx_word' id='word_1_108' title='bbox 1284 1006 1294 1017; x_wconf 94' lang='lat'><em>.</em></span> <span class='ocrx_word' id='word_1_109' title='bbox 1318 919 1604 1036; x_wconf 47' lang='lat' dir='ltr'><strong>Amplius‘ffia</strong></span> <span class='ocrx_word' id='word_1_110' title='bbox 1626 974 1754 1018; x_wconf 88' lang='lat' dir='ltr'><strong>etiam</strong></span> <span class='ocrx_word' id='word_1_111' title='bbox 1767 974 1929 1019; x_wconf 87' lang='lat' dir='ltr'><strong>ratione</strong></span> <span class='ocrx_word' id='word_1_112' title='bbox 1939 967 2120 1020; x_wconf 86' lang='lat' dir='ltr'><strong>efficaci-</strong></span> 
     </span>
     <span class='ocr_line' id='line_1_13' title="bbox 462 1034 2176 1107; baseline -0.003 -19"><span class='ocrx_word' id='word_1_113' title='bbox 462 1054 526 1088; x_wconf 90' lang='lat' dir='ltr'><strong>ter</strong></span> <span class='ocrx_word' id='word_1_114' title='bbox 536 1038 737 1107; x_wconf 87' lang='lat' dir='ltr'><strong>probatur</strong></span> <span class='ocrx_word' id='word_1_115' title='bbox 747 1041 933 1104; x_wconf 87' lang='lat' dir='ltr'><strong>primum</strong></span> <span class='ocrx_word' id='word_1_116' title='bbox 949 1039 1197 1104; x_wconf 86' lang='lat' dir='ltr'><strong>principium</strong></span> <span class='ocrx_word' id='word_1_117' title='bbox 1210 1040 1372 1083; x_wconf 88' lang='lat' dir='ltr'><strong>entium</strong></span> <span class='ocrx_word' id='word_1_118' title='bbox 1382 1034 1462 1082; x_wconf 84' lang='lat' dir='ltr'><strong>effe</strong></span> <span class='ocrx_word' id='word_1_119' title='bbox 1470 1034 1588 1103; x_wconf 86' lang='lat' dir='ltr'><strong>supra</strong></span> <span class='ocrx_word' id='word_1_120' title='bbox 1598 1037 1735 1105; x_wconf 85' lang='lat' dir='ltr'><strong>ipsum</strong></span> <span class='ocrx_word' id='word_1_121' title='bbox 1746 1035 1960 1105; x_wconf 53' lang='lat' dir='ltr'><strong>effqsupra</strong></span> <span class='ocrx_word' id='word_1_122' title='bbox 1968 1053 2118 1092; x_wconf 82' lang='lat' dir='ltr'><strong>vnum.</strong></span> <span class='ocrx_word' id='word_1_123' title='bbox 2144 1047 2176 1093; x_wconf 70' lang='lat'><strong>1&gt;-</strong></span> 
     </span>
     <span class='ocr_line' id='line_1_14' title="bbox 461 1097 2120 1172; baseline -0.002 -19"><span class='ocrx_word' id='word_1_124' title='bbox 461 1107 582 1172; x_wconf 88' lang='lat' dir='ltr'><strong>supra</strong></span> <span class='ocrx_word' id='word_1_125' title='bbox 593 1120 741 1151; x_wconf 83' lang='lat' dir='ltr'><strong>verum</strong></span> <span class='ocrx_word' id='word_1_126' title='bbox 752 1138 767 1161; x_wconf 89' lang='lat'><strong>,</strong></span> <span class='ocrx_word' id='word_1_127' title='bbox 777 1119 825 1150; x_wconf 89' lang='lat' dir='ltr'><strong>ac</strong></span> <span class='ocrx_word' id='word_1_128' title='bbox 836 1102 955 1169; x_wconf 87' lang='lat' dir='ltr'><strong>supra</strong></span> <span class='ocrx_word' id='word_1_129' title='bbox 966 1101 1131 1149; x_wconf 88' lang='lat' dir='ltr'><strong>bonum</strong></span> <span class='ocrx_word' id='word_1_130' title='bbox 1143 1137 1157 1160; x_wconf 88' lang='lat'><strong>,</strong></span> <span class='ocrx_word' id='word_1_131' title='bbox 1167 1118 1215 1149; x_wconf 82' lang='lat' dir='ltr'><strong>ac</strong></span> <span class='ocrx_word' id='word_1_132' title='bbox 1227 1105 1332 1149; x_wconf 86' lang='lat' dir='ltr'><strong>item</strong></span> <span class='ocrx_word' id='word_1_133' title='bbox 1342 1097 1462 1168; x_wconf 86' lang='lat' dir='ltr'><strong>supra</strong></span> <span class='ocrx_word' id='word_1_134' title='bbox 1476 1106 1608 1150; x_wconf 86' lang='lat' dir='ltr'><strong>vitam</strong></span> <span class='ocrx_word' id='word_1_135' title='bbox 1618 1138 1632 1162; x_wconf 87' lang='lat'>‚</span> <span class='ocrx_word' id='word_1_136' title='bbox 1654 1102 1698 1150; x_wconf 94' lang='lat' dir='ltr'><strong>su</strong></span> <span class='ocrx_word' id='word_1_137' title='bbox 1729 1119 1774 1151; x_wconf 88' lang='lat' dir='ltr'><strong>ta</strong></span> <span class='ocrx_word' id='word_1_138' title='bbox 1798 1107 2034 1170; x_wconf 83' lang='lat' dir='ltr'><strong>potentiam</strong></span> <span class='ocrx_word' id='word_1_139' title='bbox 2044 1138 2059 1161; x_wconf 89' lang='lat'><strong>,</strong></span> <span class='ocrx_word' id='word_1_140' title='bbox 2070 1119 2120 1150; x_wconf 88' lang='lat' dir='ltr'><strong>ac</strong></span> 
     </span>
     <span class='ocr_line' id='line_1_15' title="bbox 463 1119 2121 1249; baseline -0.002 -30"><span class='ocrx_word' id='word_1_141' title='bbox 463 1169 783 1237; x_wconf 75' lang='lat' dir='ltr'><strong>intelligentiam</strong></span> <span class='ocrx_word' id='word_1_142' title='bbox 807 1185 981 1216; x_wconf 87' lang='lat' dir='ltr'><strong>omnem</strong></span> <span class='ocrx_word' id='word_1_143' title='bbox 994 1204 1007 1226; x_wconf 91' lang='lat'>,</span> <span class='ocrx_word' id='word_1_144' title='bbox 1023 1182 1151 1249; x_wconf 53' lang='lat' dir='ltr'><strong>arque</strong></span> <span class='ocrx_word' id='word_1_145' title='bbox 1161 1165 1250 1215; x_wconf 81' lang='lat' dir='ltr'><strong>haec</strong></span> <span class='ocrx_word' id='word_1_146' title='bbox 1272 1171 1420 1215; x_wconf 84' lang='lat' dir='ltr'><strong>omnia</strong></span> <span class='ocrx_word' id='word_1_147' title='bbox 1440 1166 1638 1216; x_wconf 81' lang='lat' dir='ltr'><strong>excellere</strong></span> <span class='ocrx_word' id='word_1_148' title='bbox 1651 1119 1780 1216; x_wconf 59' lang='lat' dir='ltr'><strong>tadeo</strong></span> <span class='ocrx_word' id='word_1_149' title='bbox 1802 1173 1994 1236; x_wconf 81' lang='lat' dir='ltr'><strong>vtmagis</strong></span> <span class='ocrx_word' id='word_1_150' title='bbox 2020 1186 2121 1236; x_wconf 90' lang='lat' dir='ltr'><strong>pro-</strong></span> 
     </span>
     <span class='ocr_line' id='line_1_16' title="bbox 463 1232 2120 1305; baseline -0.001 -21"><span class='ocrx_word' id='word_1_151' title='bbox 463 1234 552 1305; x_wconf 70' lang='lat' dir='ltr'><strong>prie</strong></span> <span class='ocrx_word' id='word_1_152' title='bbox 562 1237 615 1284; x_wconf 87' lang='lat' dir='ltr'><strong>ab</strong></span> <span class='ocrx_word' id='word_1_153' title='bbox 627 1254 681 1284; x_wconf 90' lang='lat' dir='ltr'><strong>eo</strong></span> <span class='ocrx_word' id='word_1_154' title='bbox 695 1249 995 1283; x_wconf 86' lang='lat' dir='ltr'><strong>remoueantur</strong></span> <span class='ocrx_word' id='word_1_155' title='bbox 1005 1270 1017 1291; x_wconf 87' lang='lat'><em>‚</em></span> <span class='ocrx_word' id='word_1_156' title='bbox 1029 1250 1159 1300; x_wconf 89' lang='lat' dir='ltr'><strong>quam</strong></span> <span class='ocrx_word' id='word_1_157' title='bbox 1171 1233 1225 1281; x_wconf 91' lang='lat' dir='ltr'><strong>de</strong></span> <span class='ocrx_word' id='word_1_158' title='bbox 1236 1233 1326 1301; x_wconf 87' lang='lat' dir='ltr'><strong>ipso</strong></span> <span class='ocrx_word' id='word_1_159' title='bbox 1348 1232 1590 1281; x_wconf 85' lang='lat' dir='ltr'><strong>afferantur:</strong></span> <span class='ocrx_word' id='word_1_160' title='bbox 1604 1251 1652 1282; x_wconf 87' lang='lat' dir='ltr'><strong>ea</strong></span> <span class='ocrx_word' id='word_1_161' title='bbox 1666 1243 1910 1283; x_wconf 81' lang='lat' dir='ltr'><strong>remotione</strong></span> <span class='ocrx_word' id='word_1_162' title='bbox 1928 1241 2120 1302; x_wconf 88' lang='lat' dir='ltr'><strong>inquam,</strong></span> 
     </span>
     <span class='ocr_line' id='line_1_17' title="bbox 465 1298 2122 1413; baseline -0.002 -62"><span class='ocrx_word' id='word_1_163' title='bbox 465 1321 557 1351; x_wconf 86' lang='lat' dir='ltr'><strong>non</strong></span> <span class='ocrx_word' id='word_1_164' title='bbox 569 1319 663 1370; x_wconf 84' lang='lat' dir='ltr'><strong>quae</strong></span> <span class='ocrx_word' id='word_1_165' title='bbox 684 1305 963 1369; x_wconf 86' lang='lat' dir='ltr'><strong>priuationem</strong></span> <span class='ocrx_word' id='word_1_166' title='bbox 985 1299 1097 1348; x_wconf 84' lang='lat' dir='ltr'><strong>dicat</strong></span> <span class='ocrx_word' id='word_1_167' title='bbox 1109 1336 1123 1358; x_wconf 88' lang='lat'><strong>,</strong></span> <span class='ocrx_word' id='word_1_168' title='bbox 1135 1299 1203 1348; x_wconf 91' lang='lat' dir='ltr'><strong>sed</strong></span> <span class='ocrx_word' id='word_1_169' title='bbox 1225 1317 1310 1367; x_wconf 90' lang='lat' dir='ltr'><strong>que</strong></span> <span class='ocrx_word' id='word_1_170' title='bbox 1330 1304 1602 1348; x_wconf 81' lang='lat' dir='ltr'><strong>eminentiam</strong></span> <span class='ocrx_word' id='word_1_171' title='bbox 1624 1298 1826 1413; x_wconf 67' lang='lat' dir='ltr'><strong>significet</strong></span> <span class='ocrx_word' id='word_1_172' title='bbox 1840 1338 1850 1350; x_wconf 94' lang='lat'>.</span> <span class='ocrx_word' id='word_1_173' title='bbox 1878 1304 1996 1349; x_wconf 90' lang='lat' dir='ltr'><strong>Nam</strong></span> <span class='ocrx_word' id='word_1_174' title='bbox 2008 1317 2122 1368; x_wconf 84' lang='lat' dir='ltr'><strong>quae-</strong></span> 
     </span>
     <span class='ocr_line' id='line_1_18' title="bbox 467 1363 2125 1436; baseline -0.002 -18"><span class='ocrx_word' id='word_1_175' title='bbox 467 1385 655 1436; x_wconf 89' lang='lat' dir='ltr'><strong>cumque</strong></span> <span class='ocrx_word' id='word_1_176' title='bbox 667 1365 783 1415; x_wconf 89' lang='lat' dir='ltr'><strong>causa</strong></span> <span class='ocrx_word' id='word_1_177' title='bbox 799 1366 983 1434; x_wconf 76' lang='lat' dir='ltr'><strong>cuiuspii</strong></span> <span class='ocrx_word' id='word_1_178' title='bbox 995 1381 1159 1424; x_wconf 68' lang='lat' dir='ltr'><strong>nature,</strong></span> <span class='ocrx_word' id='word_1_179' title='bbox 1173 1383 1258 1434; x_wconf 87' lang='lat' dir='ltr'><strong>qua</strong></span> <span class='ocrx_word' id='word_1_180' title='bbox 1269 1363 1620 1432; x_wconf 56' lang='lat' dir='ltr'><strong>alteriissimpertiat</strong></span> <span class='ocrx_word' id='word_1_181' title='bbox 1630 1402 1644 1422; x_wconf 93' lang='lat'>,</span> <span class='ocrx_word' id='word_1_182' title='bbox 1671 1384 1684 1413; x_wconf 90' lang='lat'>1</span> <span class='ocrx_word' id='word_1_183' title='bbox 1696 1370 1910 1415; x_wconf 59' lang='lat' dir='ltr'><strong>contineat</strong></span> <span class='ocrx_word' id='word_1_184' title='bbox 1918 1365 2030 1415; x_wconf 87' lang='lat' dir='ltr'><strong>hanc</strong></span> <span class='ocrx_word' id='word_1_185' title='bbox 2048 1384 2125 1415; x_wconf 87' lang='lat' dir='ltr'><strong>na-</strong></span> 
     </span>
     <span class='ocr_line' id='line_1_19' title="bbox 455 1430 2130 1500; baseline -0.002 -17"><span class='ocrx_word' id='word_1_186' title='bbox 455 1450 597 1483; x_wconf 81' lang='lat' dir='ltr'><strong>turam</strong></span> <span class='ocrx_word' id='word_1_187' title='bbox 607 1470 621 1493; x_wconf 83' lang='lat'>,</span> <span class='ocrx_word' id='word_1_188' title='bbox 635 1450 767 1500; x_wconf 89' lang='lat' dir='ltr'><strong>quam</strong></span> <span class='ocrx_word' id='word_1_189' title='bbox 789 1431 905 1480; x_wconf 83' lang='lat' dir='ltr'><strong>alteri</strong></span> <span class='ocrx_word' id='word_1_190' title='bbox 927 1437 1165 1500; x_wconf 80' lang='lat' dir='ltr'><strong>impartitur</strong></span> <span class='ocrx_word' id='word_1_191' title='bbox 1187 1430 1254 1479; x_wconf 88' lang='lat' dir='ltr'><strong>vel</strong></span> <span class='ocrx_word' id='word_1_192' title='bbox 1266 1430 1507 1500; x_wconf 68' lang='lat' dir='ltr'><strong>imperfecte</strong></span> <span class='ocrx_word' id='word_1_193' title='bbox 1518 1430 1586 1479; x_wconf 87' lang='lat' dir='ltr'><strong>vel</strong></span> <span class='ocrx_word' id='word_1_194' title='bbox 1604 1431 1786 1500; x_wconf 60' lang='lat' dir='ltr'><strong>perscore</strong></span> <span class='ocrx_word' id='word_1_195' title='bbox 1807 1438 1934 1481; x_wconf 87' lang='lat' dir='ltr'><strong>etiam</strong></span> <span class='ocrx_word' id='word_1_196' title='bbox 1944 1468 1960 1490; x_wconf 88' lang='lat'><strong>,</strong></span> <span class='ocrx_word' id='word_1_197' title='bbox 1972 1432 2040 1480; x_wconf 87' lang='lat' dir='ltr'><strong>sed</strong></span> <span class='ocrx_word' id='word_1_198' title='bbox 2061 1434 2130 1480; x_wconf 81' lang='lat' dir='ltr'><strong>se-</strong></span> 
     </span>
     <span class='ocr_line' id='line_1_20' title="bbox 458 1495 2122 1564; baseline -0.002 -15"><span class='ocrx_word' id='word_1_199' title='bbox 458 1501 573 1549; x_wconf 83' lang='lat' dir='ltr'><strong>eund</strong></span> <span class='ocrx_word' id='word_1_200' title='bbox 579 1516 653 1548; x_wconf 89' lang='lat' dir='ltr'><strong>um</strong></span> <span class='ocrx_word' id='word_1_201' title='bbox 665 1498 842 1546; x_wconf 87' lang='lat' dir='ltr'><strong>eandem</strong></span> <span class='ocrx_word' id='word_1_202' title='bbox 855 1501 1063 1546; x_wconf 87' lang='lat' dir='ltr'><strong>rationem</strong></span> <span class='ocrx_word' id='word_1_203' title='bbox 1075 1534 1089 1554; x_wconf 85' lang='lat'>‚</span> <span class='ocrx_word' id='word_1_204' title='bbox 1100 1515 1185 1564; x_wconf 86' lang='lat' dir='ltr'><strong>qua</strong></span> <span class='ocrx_word' id='word_1_205' title='bbox 1198 1495 1270 1546; x_wconf 90' lang='lat' dir='ltr'><strong>illa</strong></span> <span class='ocrx_word' id='word_1_206' title='bbox 1279 1515 1424 1546; x_wconf 84' lang='lat' dir='ltr'><strong>natura</strong></span> <span class='ocrx_word' id='word_1_207' title='bbox 1437 1496 1608 1546; x_wconf 65' lang='lat' dir='ltr'><strong>effeetui</strong></span> <span class='ocrx_word' id='word_1_208' title='bbox 1628 1497 1738 1546; x_wconf 84' lang='lat' dir='ltr'><strong>illius</strong></span> <span class='ocrx_word' id='word_1_209' title='bbox 1757 1499 1886 1546; x_wconf 85' lang='lat' dir='ltr'><strong>causae</strong></span> <span class='ocrx_word' id='word_1_210' title='bbox 1905 1502 2122 1558; x_wconf 83' lang='lat' dir='ltr'><strong>conuenit,</strong></span> 
     </span>
     <span class='ocr_line' id='line_1_21' title="bbox 459 1562 2122 1633; baseline -0.001 -19"><span class='ocrx_word' id='word_1_211' title='bbox 459 1584 509 1614; x_wconf 86' lang='lat' dir='ltr'><strong>ea</strong></span> <span class='ocrx_word' id='word_1_212' title='bbox 531 1565 733 1633; x_wconf 86' lang='lat' dir='ltr'><strong>equidem</strong></span> <span class='ocrx_word' id='word_1_213' title='bbox 757 1562 955 1619; x_wconf 53' lang='lat' dir='ltr'><strong>canstat</strong></span> <span class='ocrx_word' id='word_1_214' title='bbox 975 1563 1158 1631; x_wconf 84' lang='lat' dir='ltr'><strong>superius</strong></span> <span class='ocrx_word' id='word_1_215' title='bbox 1179 1563 1360 1612; x_wconf 78' lang='lat' dir='ltr'><strong>diximus</strong></span> <span class='ocrx_word' id='word_1_216' title='bbox 1378 1580 1506 1630; x_wconf 88' lang='lat' dir='ltr'><strong>atque</strong></span> <span class='ocrx_word' id='word_1_217' title='bbox 1526 1564 1810 1622; x_wconf 69' lang='lat' dir='ltr'><strong>ostendimus»,</strong></span> <span class='ocrx_word' id='word_1_218' title='bbox 1823 1564 1985 1631; x_wconf 87' lang='lat' dir='ltr'><strong>indiget</strong></span> <span class='ocrx_word' id='word_1_219' title='bbox 2004 1564 2122 1632; x_wconf 87' lang='lat' dir='ltr'><strong>supe-</strong></span> 
     </span>
     <span class='ocr_line' id='line_1_22' title="bbox 459 1626 2124 1698; baseline -0.001 -17"><span class='ocrx_word' id='word_1_220' title='bbox 459 1636 561 1681; x_wconf 88' lang='lat' dir='ltr'><strong>riori</strong></span> <span class='ocrx_word' id='word_1_221' title='bbox 581 1627 758 1688; x_wconf 46' lang='lat' dir='ltr'><strong>causasti</strong></span> <span class='ocrx_word' id='word_1_222' title='bbox 775 1647 859 1697; x_wconf 88' lang='lat' dir='ltr'><strong>qua</strong></span> <span class='ocrx_word' id='word_1_223' title='bbox 881 1626 1250 1696; x_wconf 86' lang='lat' dir='ltr'><strong>foueatur,neque</strong></span> <span class='ocrx_word' id='word_1_224' title='bbox 1272 1628 1512 1696; x_wconf 78' lang='lat' dir='ltr'><strong>simplicitet</strong></span> <span class='ocrx_word' id='word_1_225' title='bbox 1534 1631 1734 1678; x_wconf 83' lang='lat' dir='ltr'><strong>constitui</strong></span> <span class='ocrx_word' id='word_1_226' title='bbox 1754 1631 1891 1698; x_wconf 85' lang='lat' dir='ltr'><strong>potest</strong></span> <span class='ocrx_word' id='word_1_227' title='bbox 1909 1630 2031 1679; x_wconf 86' lang='lat' dir='ltr'><strong>causa</strong></span> <span class='ocrx_word' id='word_1_228' title='bbox 2041 1630 2124 1679; x_wconf 64' lang='lat' dir='ltr'><strong>effla</strong></span> 
     </span>
     <span class='ocr_line' id='line_1_23' title="bbox 459 1693 2123 1763; baseline 0.001 -18"><span class='ocrx_word' id='word_1_229' title='bbox 459 1696 571 1746; x_wconf 83' lang='lat' dir='ltr'><strong>illius</strong></span> <span class='ocrx_word' id='word_1_230' title='bbox 593 1714 763 1754; x_wconf 87' lang='lat' dir='ltr'><strong>natura,</strong></span> <span class='ocrx_word' id='word_1_231' title='bbox 777 1712 908 1763; x_wconf 87' lang='lat' dir='ltr'><strong>quam</strong></span> <span class='ocrx_word' id='word_1_232' title='bbox 928 1693 1004 1742; x_wconf 91' lang='lat' dir='ltr'><strong>suo</strong></span> <span class='ocrx_word' id='word_1_233' title='bbox 1025 1693 1195 1743; x_wconf 69' lang='lat' dir='ltr'><strong>effestui</strong></span> <span class='ocrx_word' id='word_1_234' title='bbox 1207 1700 1418 1761; x_wconf 80' lang='lat' dir='ltr'><strong>impartita</strong></span> <span class='ocrx_word' id='word_1_235' title='bbox 1428 1695 1590 1753; x_wconf 85' lang='lat' dir='ltr'><strong>est;sed</strong></span> <span class='ocrx_word' id='word_1_236' title='bbox 1608 1693 1775 1744; x_wconf 72' lang='lat' dir='ltr'><strong>tantum</strong></span> <span class='ocrx_word' id='word_1_237' title='bbox 1786 1700 1907 1745; x_wconf 75' lang='lat' dir='ltr'><strong>causa</strong></span> <span class='ocrx_word' id='word_1_238' title='bbox 1928 1697 2123 1754; x_wconf 83' lang='lat' dir='ltr'><strong>est,vtin</strong></span> 
     </span>
     <span class='ocr_line' id='line_1_24' title="bbox 461 1759 2191 1828; baseline -0.001 -17"><span class='ocrx_word' id='word_1_239' title='bbox 461 1781 515 1811; x_wconf 88' lang='lat' dir='ltr'><strong>co</strong></span> <span class='ocrx_word' id='word_1_240' title='bbox 531 1761 684 1811; x_wconf 60' lang='lat' dir='ltr'><strong>efferim</strong></span> <span class='ocrx_word' id='word_1_241' title='bbox 703 1776 923 1828; x_wconf 85' lang='lat' dir='ltr'><strong>generetur</strong></span> <span class='ocrx_word' id='word_1_242' title='bbox 939 1769 984 1808; x_wconf 77' lang='grc' dir='ltr'><strong>δι</strong></span> <span class='ocrx_word' id='word_1_243' title='bbox 995 1759 1091 1808; x_wconf 84' lang='lat' dir='ltr'><strong>infir</strong></span> <span class='ocrx_word' id='word_1_244' title='bbox 1105 1798 1113 1809; x_wconf 97' lang='lat'>.</span> <span class='ocrx_word' id='word_1_245' title='bbox 1129 1759 1185 1808; x_wconf 83' lang='lat' dir='ltr'><strong>fic</strong></span> <span class='ocrx_word' id='word_1_246' title='bbox 1195 1759 1338 1808; x_wconf 86' lang='lat' dir='ltr'><strong>homo</strong></span> <span class='ocrx_word' id='word_1_247' title='bbox 1352 1766 1426 1826; x_wconf 90' lang='lat' dir='ltr'><strong>qui</strong></span> <span class='ocrx_word' id='word_1_248' title='bbox 1437 1759 1658 1810; x_wconf 86' lang='lat' dir='ltr'><strong>hominem</strong></span> <span class='ocrx_word' id='word_1_249' title='bbox 1670 1778 1838 1828; x_wconf 86' lang='lat' dir='ltr'><strong>generat</strong></span> <span class='ocrx_word' id='word_1_250' title='bbox 1848 1799 1862 1818; x_wconf 84' lang='lat'><strong><em>‚</em></strong></span> <span class='ocrx_word' id='word_1_251' title='bbox 1872 1767 2036 1828; x_wconf 85' lang='lat' dir='ltr'><strong>&amp;ignis</strong></span> <span class='ocrx_word' id='word_1_252' title='bbox 2080 1766 2124 1810; x_wconf 88' lang='lat' dir='ltr'><strong>ui</strong></span> <span class='ocrx_word' id='word_1_253' title='bbox 2146 1780 2191 1826; x_wconf 78' lang='lat' dir='ltr'>G</span> 
     </span>
     <span class='ocr_line' id='line_1_25' title="bbox 459 1781 2126 1896; baseline -0.001 -19"><span class='ocrx_word' id='word_1_254' title='bbox 459 1834 605 1896; x_wconf 87' lang='lat' dir='ltr'><strong>ignem</strong></span> <span class='ocrx_word' id='word_1_255' title='bbox 623 1864 637 1887; x_wconf 84' lang='lat'><strong>,</strong></span> <span class='ocrx_word' id='word_1_256' title='bbox 649 1846 699 1875; x_wconf 88' lang='lat' dir='ltr'><strong>ac</strong></span> <span class='ocrx_word' id='word_1_257' title='bbox 721 1826 860 1895; x_wconf 88' lang='lat' dir='ltr'><strong>planta</strong></span> <span class='ocrx_word' id='word_1_258' title='bbox 879 1844 965 1892; x_wconf 88' lang='lat' dir='ltr'><strong>que</strong></span> <span class='ocrx_word' id='word_1_259' title='bbox 986 1831 1089 1873; x_wconf 89' lang='lat' dir='ltr'><strong>item</strong></span> <span class='ocrx_word' id='word_1_260' title='bbox 1101 1825 1288 1894; x_wconf 81' lang='lat' dir='ltr'><strong>plantam</strong></span> <span class='ocrx_word' id='word_1_261' title='bbox 1310 1827 1470 1892; x_wconf 80' lang='lat' dir='ltr'><strong>gignit,</strong></span> <span class='ocrx_word' id='word_1_262' title='bbox 1482 1829 1672 1895; x_wconf 86' lang='lat' dir='ltr'><strong>indigent</strong></span> <span class='ocrx_word' id='word_1_263' title='bbox 1682 1828 1932 1896; x_wconf 83' lang='lat' dir='ltr'><strong>corporibus</strong></span> <span class='ocrx_word' id='word_1_264' title='bbox 1950 1781 2126 1877; x_wconf 39' lang='lat' dir='ltr'><strong>carlezi-</strong></span> 
     </span>
     <span class='ocr_line' id='line_1_26' title="bbox 461 1892 2126 1962; baseline 0 -20"><span class='ocrx_word' id='word_1_265' title='bbox 461 1896 540 1942; x_wconf 86' lang='lat' dir='ltr'><strong>bus</strong></span> <span class='ocrx_word' id='word_1_266' title='bbox 553 1931 565 1952; x_wconf 85' lang='lat'>,</span> <span class='ocrx_word' id='word_1_267' title='bbox 577 1898 621 1942; x_wconf 89' lang='lat' dir='ltr'><strong>in</strong></span> <span class='ocrx_word' id='word_1_268' title='bbox 633 1894 787 1962; x_wconf 87' lang='lat' dir='ltr'><strong>quibus</strong></span> <span class='ocrx_word' id='word_1_269' title='bbox 800 1910 950 1940; x_wconf 87' lang='lat' dir='ltr'><strong>ornnes</strong></span> <span class='ocrx_word' id='word_1_270' title='bbox 963 1909 1021 1939; x_wconf 68' lang='grc' dir='ltr'><strong>επ</strong></span> <span class='ocrx_word' id='word_1_271' title='bbox 1031 1908 1185 1940; x_wconf 83' lang='lat' dir='ltr'><strong>naturae</strong></span> <span class='ocrx_word' id='word_1_272' title='bbox 1195 1892 1426 1940; x_wconf 84' lang='lat' dir='ltr'><strong>secundum</strong></span> <span class='ocrx_word' id='word_1_273' title='bbox 1440 1899 1710 1943; x_wconf 80' lang='lat' dir='ltr'><strong>eminentiam</strong></span> <span class='ocrx_word' id='word_1_274' title='bbox 1722 1898 2008 1942; x_wconf 85' lang='lat' dir='ltr'><strong>continentur.</strong></span> <span class='ocrx_word' id='word_1_275' title='bbox 2037 1899 2126 1942; x_wconf 83' lang='lat' dir='ltr'><strong>Ve-</strong></span> 
     </span>
     <span class='ocr_line' id='line_1_27' title="bbox 461 1957 2125 2026; baseline 0 -18"><span class='ocrx_word' id='word_1_276' title='bbox 461 1958 617 2009; x_wconf 85' lang='lat' dir='ltr'><strong>riffima</strong></span> <span class='ocrx_word' id='word_1_277' title='bbox 644 1978 747 2026; x_wconf 83' lang='lat' dir='ltr'><strong>ergo</strong></span> <span class='ocrx_word' id='word_1_278' title='bbox 767 1960 825 2006; x_wconf 88' lang='lat' dir='ltr'><strong>est</strong></span> <span class='ocrx_word' id='word_1_279' title='bbox 847 1976 895 2006; x_wconf 88' lang='lat' dir='ltr'><strong>ca</strong></span> <span class='ocrx_word' id='word_1_280' title='bbox 914 1958 1151 2025; x_wconf 79' lang='lat' dir='ltr'><strong>propositio</strong></span> <span class='ocrx_word' id='word_1_281' title='bbox 1163 1995 1177 2013; x_wconf 86' lang='lat'><strong>,</strong></span> <span class='ocrx_word' id='word_1_282' title='bbox 1189 1975 1322 2025; x_wconf 87' lang='lat' dir='ltr'><strong>quam</strong></span> <span class='ocrx_word' id='word_1_283' title='bbox 1334 1957 1604 2024; x_wconf 78' lang='lat' dir='ltr'><strong>sumpsimus,</strong></span> <span class='ocrx_word' id='word_1_284' title='bbox 1618 1977 1712 2008; x_wconf 87' lang='lat' dir='ltr'><strong>eam</strong></span> <span class='ocrx_word' id='word_1_285' title='bbox 1738 1958 1932 2008; x_wconf 84' lang='lat' dir='ltr'><strong>videlicet</strong></span> <span class='ocrx_word' id='word_1_286' title='bbox 1955 1960 2125 2008; x_wconf 84' lang='lat' dir='ltr'><strong>causam</strong></span> 
     </span>
     <span class='ocr_line' id='line_1_28' title="bbox 465 2022 2126 2136; baseline 0.001 -63"><span class='ocrx_word' id='word_1_287' title='bbox 465 2045 556 2074; x_wconf 87' lang='lat' dir='ltr'><strong>non</strong></span> <span class='ocrx_word' id='word_1_288' title='bbox 569 2025 647 2073; x_wconf 82' lang='lat' dir='ltr'><strong>effe</strong></span> <span class='ocrx_word' id='word_1_289' title='bbox 657 2030 839 2092; x_wconf 79' lang='lat' dir='ltr'><strong>primam</strong></span> <span class='ocrx_word' id='word_1_290' title='bbox 851 2061 865 2082; x_wconf 88' lang='lat'>,</span> <span class='ocrx_word' id='word_1_291' title='bbox 875 2028 919 2071; x_wconf 90' lang='lat' dir='ltr'><strong>in</strong></span> <span class='ocrx_word' id='word_1_292' title='bbox 922 2040 1019 2136; x_wconf 60' lang='grc' dir='ltr'><strong>ἓυιι</strong></span> <span class='ocrx_word' id='word_1_293' title='bbox 1029 2041 1175 2072; x_wconf 84' lang='lat' dir='ltr'><strong>natura</strong></span> <span class='ocrx_word' id='word_1_294' title='bbox 1187 2022 1358 2072; x_wconf 63' lang='lat' dir='ltr'><strong>effectui</strong></span> <span class='ocrx_word' id='word_1_295' title='bbox 1368 2024 1524 2073; x_wconf 85' lang='lat' dir='ltr'><strong>tributa</strong></span> <span class='ocrx_word' id='word_1_296' title='bbox 1544 2024 1640 2074; x_wconf 79' lang='lat' dir='ltr'><strong>infit</strong></span> <span class='ocrx_word' id='word_1_297' title='bbox 1650 2026 1882 2074; x_wconf 85' lang='lat' dir='ltr'><strong>secundum</strong></span> <span class='ocrx_word' id='word_1_298' title='bbox 1892 2042 1986 2074; x_wconf 87' lang='lat' dir='ltr'><strong>eam</strong></span> <span class='ocrx_word' id='word_1_299' title='bbox 1996 2030 2126 2074; x_wconf 86' lang='lat' dir='ltr'><strong>ratio-</strong></span> 
     </span>
     <span class='ocr_line' id='line_1_29' title="bbox 465 2089 2126 2158; baseline 0 -18"><span class='ocrx_word' id='word_1_300' title='bbox 465 2110 565 2140; x_wconf 87' lang='lat' dir='ltr'><strong>nem</strong></span> <span class='ocrx_word' id='word_1_301' title='bbox 575 2128 589 2150; x_wconf 93' lang='lat'><strong>,</strong></span> <span class='ocrx_word' id='word_1_302' title='bbox 603 2108 688 2158; x_wconf 85' lang='lat' dir='ltr'><strong>qua</strong></span> <span class='ocrx_word' id='word_1_303' title='bbox 699 2091 834 2138; x_wconf 84' lang='lat' dir='ltr'><strong>existit</strong></span> <span class='ocrx_word' id='word_1_304' title='bbox 843 2094 887 2137; x_wconf 90' lang='lat' dir='ltr'><strong>in</strong></span> <span class='ocrx_word' id='word_1_305' title='bbox 899 2108 921 2136; x_wconf 92' lang='lat' dir='ltr'><strong>e</strong></span> <span class='ocrx_word' id='word_1_306' title='bbox 955 2093 1049 2138; x_wconf 71' lang='lat' dir='ltr'><strong>estu</strong></span> <span class='ocrx_word' id='word_1_307' title='bbox 1063 2128 1073 2138; x_wconf 92' lang='lat'><em>.</em></span> <span class='ocrx_word' id='word_1_308' title='bbox 1087 2089 1185 2138; x_wconf 87' lang='lat' dir='ltr'><strong>huic</strong></span> <span class='ocrx_word' id='word_1_309' title='bbox 1197 2089 1370 2138; x_wconf 87' lang='lat' dir='ltr'><strong>alteram</strong></span> <span class='ocrx_word' id='word_1_310' title='bbox 1384 2091 1592 2140; x_wconf 80' lang='lat' dir='ltr'><strong>addamus</strong></span> <span class='ocrx_word' id='word_1_311' title='bbox 1604 2129 1618 2151; x_wconf 88' lang='lat'><strong>,</strong></span> <span class='ocrx_word' id='word_1_312' title='bbox 1630 2092 1870 2150; x_wconf 60' lang='lat' dir='ltr'><strong>effewnum,</strong></span> <span class='ocrx_word' id='word_1_313' title='bbox 1882 2092 2126 2151; x_wconf 81' lang='lat' dir='ltr'><strong>verum‚bo-</strong></span> 
     </span>
     <span class='ocr_line' id='line_1_30' title="bbox 465 2154 2124 2225; baseline -0.001 -19"><span class='ocrx_word' id='word_1_314' title='bbox 465 2175 571 2206; x_wconf 85' lang='lat' dir='ltr'><strong>num</strong></span> <span class='ocrx_word' id='word_1_315' title='bbox 583 2194 598 2216; x_wconf 17' lang='lat'><strong>¹,</strong></span> <span class='ocrx_word' id='word_1_316' title='bbox 613 2158 813 2204; x_wconf 86' lang='lat' dir='ltr'><strong>omnibus</strong></span> <span class='ocrx_word' id='word_1_317' title='bbox 827 2161 1053 2203; x_wconf 86' lang='lat' dir='ltr'><strong>conuenire</strong></span> <span class='ocrx_word' id='word_1_318' title='bbox 1065 2193 1077 2211; x_wconf 84' lang='lat'>,</span> <span class='ocrx_word' id='word_1_319' title='bbox 1089 2174 1183 2224; x_wconf 82' lang='lat' dir='ltr'><strong>quae</strong></span> <span class='ocrx_word' id='word_1_320' title='bbox 1191 2162 1348 2223; x_wconf 85' lang='lat' dir='ltr'><strong>quouis</strong></span> <span class='ocrx_word' id='word_1_321' title='bbox 1372 2158 1508 2205; x_wconf 86' lang='lat' dir='ltr'><strong>modo</strong></span> <span class='ocrx_word' id='word_1_322' title='bbox 1520 2154 1636 2216; x_wconf 85' lang='lat' dir='ltr'><strong>sunt,</strong></span> <span class='ocrx_word' id='word_1_323' title='bbox 1647 2162 1778 2206; x_wconf 78' lang='lat' dir='ltr'><strong>vitam</strong></span> <span class='ocrx_word' id='word_1_324' title='bbox 1789 2156 2124 2225; x_wconf 73' lang='lat' dir='ltr'><strong>perfeffloribus‚</strong></span> 
     </span>
     <span class='ocr_line' id='line_1_31' title="bbox 467 2220 2126 2290; baseline -0.001 -19"><span class='ocrx_word' id='word_1_325' title='bbox 467 2222 785 2290; x_wconf 82' lang='lat' dir='ltr'><strong>intelligentiam</strong></span> <span class='ocrx_word' id='word_1_326' title='bbox 797 2220 1099 2290; x_wconf 71' lang='lat' dir='ltr'><strong>perfestiffimis</strong></span> <span class='ocrx_word' id='word_1_327' title='bbox 1113 2260 1123 2270; x_wconf 95' lang='lat'><strong>.</strong></span> <span class='ocrx_word' id='word_1_328' title='bbox 1139 2227 1197 2270; x_wconf 88' lang='lat' dir='ltr'><strong>Ea</strong></span> <span class='ocrx_word' id='word_1_329' title='bbox 1209 2228 1338 2289; x_wconf 81' lang='lat' dir='ltr'><strong>igitur</strong></span> <span class='ocrx_word' id='word_1_330' title='bbox 1350 2228 1512 2271; x_wconf 89' lang='lat' dir='ltr'><strong>entium</strong></span> <span class='ocrx_word' id='word_1_331' title='bbox 1520 2222 1638 2272; x_wconf 68' lang='lat' dir='ltr'><strong>causa</strong></span> <span class='ocrx_word' id='word_1_332' title='bbox 1648 2260 1662 2282; x_wconf 86' lang='lat'>‚</span> <span class='ocrx_word' id='word_1_333' title='bbox 1671 2223 1842 2272; x_wconf 79' lang='lat' dir='ltr'><strong>cuihaec</strong></span> <span class='ocrx_word' id='word_1_334' title='bbox 1862 2227 2010 2272; x_wconf 86' lang='lat' dir='ltr'><strong>omnia</strong></span> <span class='ocrx_word' id='word_1_335' title='bbox 2022 2241 2126 2271; x_wconf 85' lang='lat' dir='ltr'><strong>con·</strong></span> 
     </span>
     <span class='ocr_line' id='line_1_32' title="bbox 467 2287 2128 2358; baseline 0 -21"><span class='ocrx_word' id='word_1_336' title='bbox 467 2295 661 2338; x_wconf 81' lang='lat' dir='ltr'><strong>uenirent</strong></span> <span class='ocrx_word' id='word_1_337' title='bbox 669 2287 897 2336; x_wconf 87' lang='lat' dir='ltr'><strong>secundum</strong></span> <span class='ocrx_word' id='word_1_338' title='bbox 909 2294 1234 2355; x_wconf 82' lang='lat' dir='ltr'><strong>proportionem</strong></span> <span class='ocrx_word' id='word_1_339' title='bbox 1244 2326 1258 2347; x_wconf 82' lang='lat'>,</span> <span class='ocrx_word' id='word_1_340' title='bbox 1271 2287 1390 2337; x_wconf 87' lang='lat' dir='ltr'><strong>nullo</strong></span> <span class='ocrx_word' id='word_1_341' title='bbox 1404 2294 1528 2356; x_wconf 59' lang='lat' dir='ltr'><strong>paeto</strong></span> <span class='ocrx_word' id='word_1_342' title='bbox 1542 2290 1622 2338; x_wconf 75' lang='lat' dir='ltr'><strong>esst</strong></span> <span class='ocrx_word' id='word_1_343' title='bbox 1634 2288 1766 2358; x_wconf 76' lang='lat' dir='ltr'><strong>poss‘et</strong></span> <span class='ocrx_word' id='word_1_344' title='bbox 1774 2294 1910 2358; x_wconf 88' lang='lat' dir='ltr'><strong>prima</strong></span> <span class='ocrx_word' id='word_1_345' title='bbox 1920 2288 2128 2347; x_wconf 50' lang='lat' dir='ltr'><strong>causased</strong></span> 
     </span>
     <span class='ocr_line' id='line_1_33' title="bbox 469 2353 2128 2424; baseline 0 -21"><span class='ocrx_word' id='word_1_346' title='bbox 469 2371 609 2421; x_wconf 86' lang='lat' dir='ltr'><strong>egeret</strong></span> <span class='ocrx_word' id='word_1_347' title='bbox 635 2359 776 2422; x_wconf 86' lang='lat' dir='ltr'><strong>priore</strong></span> <span class='ocrx_word' id='word_1_348' title='bbox 797 2353 821 2402; x_wconf 68' lang='lat' dir='ltr'><strong>a</strong></span> <span class='ocrx_word' id='word_1_349' title='bbox 841 2371 926 2422; x_wconf 83' lang='lat' dir='ltr'><strong>qua</strong></span> <span class='ocrx_word' id='word_1_350' title='bbox 945 2353 1163 2403; x_wconf 84' lang='lat' dir='ltr'><strong>foueretur</strong></span> <span class='ocrx_word' id='word_1_351' title='bbox 1183 2391 1195 2410; x_wconf 86' lang='lat'><strong>,</strong></span> <span class='ocrx_word' id='word_1_352' title='bbox 1219 2372 1266 2402; x_wconf 85' lang='lat' dir='ltr'><strong>vr</strong></span> <span class='ocrx_word' id='word_1_353' title='bbox 1292 2361 1348 2403; x_wconf 87' lang='lat' dir='ltr'><strong>ita</strong></span> <span class='ocrx_word' id='word_1_354' title='bbox 1360 2355 1538 2404; x_wconf 73' lang='lat' dir='ltr'><strong>dixerim</strong></span> <span class='ocrx_word' id='word_1_355' title='bbox 1552 2394 1562 2404; x_wconf 92' lang='lat'><strong>.</strong></span> <span class='ocrx_word' id='word_1_356' title='bbox 1576 2360 1684 2404; x_wconf 87' lang='lat' dir='ltr'><strong>Ecce</strong></span> <span class='ocrx_word' id='word_1_357' title='bbox 1708 2372 1900 2424; x_wconf 84' lang='lat' dir='ltr'><strong>quonam</strong></span> <span class='ocrx_word' id='word_1_358' title='bbox 1919 2358 2128 2423; x_wconf 49' lang='lat' dir='ltr'><strong>pastuum</strong></span> 
     </span>
     <span class='ocr_line' id='line_1_34' title="bbox 467 2418 2126 2490; baseline -0.001 -21"><span class='ocrx_word' id='word_1_359' title='bbox 467 2438 589 2478; x_wconf 84' lang='lat' dir='ltr'><strong>reor,</strong></span> <span class='ocrx_word' id='word_1_360' title='bbox 604 2418 909 2468; x_wconf 86' lang='lat' dir='ltr'><strong>luculentcnter</strong></span> <span class='ocrx_word' id='word_1_361' title='bbox 933 2421 1145 2468; x_wconf 80' lang='lat' dir='ltr'><strong>ostensum</strong></span> <span class='ocrx_word' id='word_1_362' title='bbox 1165 2421 1223 2468; x_wconf 87' lang='lat' dir='ltr'><strong>est</strong></span> <span class='ocrx_word' id='word_1_363' title='bbox 1234 2425 1382 2470; x_wconf 86' lang='lat' dir='ltr'><strong>omnia</strong></span> <span class='ocrx_word' id='word_1_364' title='bbox 1392 2420 1480 2470; x_wconf 74' lang='lat' dir='ltr'><strong>haec</strong></span> <span class='ocrx_word' id='word_1_365' title='bbox 1500 2428 1726 2470; x_wconf 83' lang='lat' dir='ltr'><strong>conuenite</strong></span> <span class='ocrx_word' id='word_1_366' title='bbox 1748 2426 1888 2490; x_wconf 85' lang='lat' dir='ltr'><strong>primo</strong></span> <span class='ocrx_word' id='word_1_367' title='bbox 1920 2425 2126 2489; x_wconf 85' lang='lat' dir='ltr'><strong>principio</strong></span> 
     </span>
     <span class='ocr_line' id='line_1_35' title="bbox 469 2482 2205 2554; baseline -0.001 -20"><span class='ocrx_word' id='word_1_368' title='bbox 469 2492 655 2544; x_wconf 85' lang='lat' dir='ltr'><strong>entium,</strong></span> <span class='ocrx_word' id='word_1_369' title='bbox 671 2503 761 2533; x_wconf 89' lang='lat' dir='ltr'><strong>non</strong></span> <span class='ocrx_word' id='word_1_370' title='bbox 773 2482 1001 2534; x_wconf 83' lang='lat' dir='ltr'><strong>secundum</strong></span> <span class='ocrx_word' id='word_1_371' title='bbox 1013 2491 1312 2554; x_wconf 84' lang='lat' dir='ltr'><strong>proprietatem</strong></span> <span class='ocrx_word' id='word_1_372' title='bbox 1334 2488 1402 2536; x_wconf 84' lang='lat' dir='ltr'><strong>scd</strong></span> <span class='ocrx_word' id='word_1_373' title='bbox 1426 2490 1656 2536; x_wconf 81' lang='lat' dir='ltr'><strong>secundum</strong></span> <span class='ocrx_word' id='word_1_374' title='bbox 1668 2492 1960 2536; x_wconf 81' lang='lat' dir='ltr'><strong>eminentiam:</strong></span> <span class='ocrx_word' id='word_1_375' title='bbox 1974 2504 2127 2554; x_wconf 86' lang='lat' dir='ltr'><strong>quam-</strong></span> <span class='ocrx_word' id='word_1_376' title='bbox 2154 2499 2205 2544; x_wconf 79' lang='grc' dir='ltr'><strong><em>Η</em></strong></span> 
     </span>
     <span class='ocr_line' id='line_1_36' title="bbox 471 2552 2128 2620; baseline 0.001 -20"><span class='ocrx_word' id='word_1_377' title='bbox 471 2554 577 2600; x_wconf 67' lang='lat' dir='ltr'><strong>obri</strong></span> <span class='ocrx_word' id='word_1_378' title='bbox 587 2556 725 2600; x_wconf 82' lang='lat' dir='ltr'><strong>verius</strong></span> <span class='ocrx_word' id='word_1_379' title='bbox 737 2552 789 2599; x_wconf 87' lang='lat' dir='ltr'><strong>ab</strong></span> <span class='ocrx_word' id='word_1_380' title='bbox 803 2570 855 2600; x_wconf 91' lang='lat' dir='ltr'><strong>eo</strong></span> <span class='ocrx_word' id='word_1_381' title='bbox 869 2552 1223 2620; x_wconf 69' lang='lat' dir='ltr'><strong>remoueri,quim</strong></span> <span class='ocrx_word' id='word_1_382' title='bbox 1236 2553 1290 2601; x_wconf 91' lang='lat' dir='ltr'><strong>de</strong></span> <span class='ocrx_word' id='word_1_383' title='bbox 1302 2572 1354 2600; x_wconf 89' lang='lat' dir='ltr'><strong>eo</strong></span> <span class='ocrx_word' id='word_1_384' title='bbox 1366 2554 1478 2601; x_wconf 79' lang='lat' dir='ltr'><strong>afferi</strong></span> <span class='ocrx_word' id='word_1_385' title='bbox 1492 2591 1502 2601; x_wconf 85' lang='lat'>.</span> <span class='ocrx_word' id='word_1_386' title='bbox 1518 2560 1587 2602; x_wconf 92' lang='lat' dir='ltr'><strong>De</strong></span> <span class='ocrx_word' id='word_1_387' title='bbox 1628 2558 1738 2602; x_wconf 83' lang='lat' dir='ltr'><strong>rimo</strong></span> <span class='ocrx_word' id='word_1_388' title='bbox 1760 2558 1886 2620; x_wconf 84' lang='lat' dir='ltr'><strong>igitur</strong></span> <span class='ocrx_word' id='word_1_389' title='bbox 1898 2554 2128 2620; x_wconf 52' lang='lat' dir='ltr'><strong>entgquod</strong></span> 
     </span>
     <span class='ocr_line' id='line_1_37' title="bbox 471 2618 2128 2687; baseline 0.001 -21"><span class='ocrx_word' id='word_1_390' title='bbox 471 2626 575 2666; x_wconf 87' lang='lat' dir='ltr'><strong>item</strong></span> <span class='ocrx_word' id='word_1_391' title='bbox 595 2623 793 2665; x_wconf 84' lang='lat' dir='ltr'><strong>omnium</strong></span> <span class='ocrx_word' id='word_1_392' title='bbox 813 2621 977 2666; x_wconf 88' lang='lat' dir='ltr'><strong>entium</strong></span> <span class='ocrx_word' id='word_1_393' title='bbox 1025 2621 1246 2687; x_wconf 82' lang='lat' dir='ltr'><strong>rincipium</strong></span> <span class='ocrx_word' id='word_1_394' title='bbox 1268 2621 1350 2677; x_wconf 86' lang='lat' dir='ltr'><strong>est,</strong></span> <span class='ocrx_word' id='word_1_395' title='bbox 1366 2619 1566 2667; x_wconf 63' lang='lat' dir='ltr'><strong>haetenus</strong></span> <span class='ocrx_word' id='word_1_396' title='bbox 1608 2624 1690 2668; x_wconf 68' lang='lat' dir='ltr'><strong>idi-a</strong></span> <span class='ocrx_word' id='word_1_397' title='bbox 1700 2618 1780 2668; x_wconf 77' lang='lat' dir='ltr'><strong>sint</strong></span> <span class='ocrx_word' id='word_1_398' title='bbox 1798 2619 1888 2667; x_wconf 84' lang='lat' dir='ltr'><strong>satis</strong></span> <span class='ocrx_word' id='word_1_399' title='bbox 1906 2636 2128 2668; x_wconf 84' lang='lat' dir='ltr'><strong>:arcanum</strong></span> 
     </span>
     <span class='ocr_line' id='line_1_38' title="bbox 472 2636 2130 2752; baseline 0.001 -20"><span class='ocrx_word' id='word_1_400' title='bbox 472 2702 643 2750; x_wconf 84' lang='lat' dir='ltr'><strong>nanque</strong></span> <span class='ocrx_word' id='word_1_401' title='bbox 653 2682 777 2751; x_wconf 80' lang='lat' dir='ltr'><strong>ipfius</strong></span> <span class='ocrx_word' id='word_1_402' title='bbox 789 2719 803 2741; x_wconf 88' lang='lat'><strong>,</strong></span> <span class='ocrx_word' id='word_1_403' title='bbox 819 2682 919 2730; x_wconf 68' lang='lat' dir='ltr'><strong>curn</strong></span> <span class='ocrx_word' id='word_1_404' title='bbox 931 2636 1055 2731; x_wconf 58' lang='lat' dir='ltr'><strong>verba</strong></span> <span class='ocrx_word' id='word_1_405' title='bbox 1063 2703 1111 2732; x_wconf 87' lang='lat' dir='ltr'><strong>ac</strong></span> <span class='ocrx_word' id='word_1_406' title='bbox 1123 2689 1400 2752; x_wconf 86' lang='lat' dir='ltr'><strong>cogitationes</strong></span> <span class='ocrx_word' id='word_1_407' title='bbox 1414 2685 1608 2734; x_wconf 85' lang='lat' dir='ltr'><strong>deficiant</strong></span> <span class='ocrx_word' id='word_1_408' title='bbox 1618 2723 1630 2745; x_wconf 85' lang='lat'><strong>,</strong></span> <span class='ocrx_word' id='word_1_409' title='bbox 1642 2687 1756 2734; x_wconf 84' lang='lat' dir='ltr'><strong>sacro</strong></span> <span class='ocrx_word' id='word_1_410' title='bbox 1768 2682 1930 2734; x_wconf 76' lang='lat' dir='ltr'><strong>silentio</strong></span> <span class='ocrx_word' id='word_1_411' title='bbox 1942 2686 2000 2732; x_wconf 86' lang='lat' dir='ltr'><strong>est</strong></span> <span class='ocrx_word' id='word_1_412' title='bbox 2012 2702 2130 2734; x_wconf 73' lang='lat' dir='ltr'><strong>vene—-</strong></span> 
     </span>
     <span class='ocr_line' id='line_1_39' title="bbox 473 2749 2130 2819; baseline 0 -21"><span class='ocrx_word' id='word_1_413' title='bbox 473 2750 819 2817; x_wconf 79' lang='lat' dir='ltr'><strong>randumzquade</strong></span> <span class='ocrx_word' id='word_1_414' title='bbox 831 2766 874 2799; x_wconf 88' lang='lat' dir='ltr'><strong>re</strong></span> <span class='ocrx_word' id='word_1_415' title='bbox 887 2749 1051 2797; x_wconf 80' lang='lat' dir='ltr'><strong>diuinus</strong></span> <span class='ocrx_word' id='word_1_416' title='bbox 1067 2749 1183 2798; x_wconf 84' lang='lat' dir='ltr'><strong>Plato</strong></span> <span class='ocrx_word' id='word_1_417' title='bbox 1197 2760 1238 2798; x_wconf 75' lang='grc' dir='ltr'><strong>δι</strong></span> <span class='ocrx_word' id='word_1_418' title='bbox 1254 2756 1296 2797; x_wconf 88' lang='lat' dir='ltr'><strong>in</strong></span> <span class='ocrx_word' id='word_1_419' title='bbox 1308 2750 1490 2818; x_wconf 82' lang='lat' dir='ltr'><strong>epistolis</strong></span> <span class='ocrx_word' id='word_1_420' title='bbox 1504 2760 1548 2800; x_wconf 71' lang='grc' dir='ltr'><strong>δε</strong></span> <span class='ocrx_word' id='word_1_421' title='bbox 1570 2761 1616 2800; x_wconf 85' lang='lat' dir='ltr'><strong>in</strong></span> <span class='ocrx_word' id='word_1_422' title='bbox 1646 2750 1838 2819; x_wconf 84' lang='lat' dir='ltr'><strong>Sophiste</strong></span> <span class='ocrx_word' id='word_1_423' title='bbox 1860 2750 2130 2818; x_wconf 83' lang='lat' dir='ltr'><strong>pluribusque</strong></span> 
     </span>
     <span class='ocr_line' id='line_1_40' title="bbox 473 2814 2130 2885; baseline 0.001 -23"><span class='ocrx_word' id='word_1_424' title='bbox 473 2815 559 2863; x_wconf 86' lang='lat' dir='ltr'><strong>aliis</strong></span> <span class='ocrx_word' id='word_1_425' title='bbox 571 2814 677 2862; x_wconf 85' lang='lat' dir='ltr'><strong>locis</strong></span> <span class='ocrx_word' id='word_1_426' title='bbox 691 2817 729 2862; x_wconf 92' lang='lat' dir='ltr'><strong>se</strong></span> <span class='ocrx_word' id='word_1_427' title='bbox 741 2814 795 2862; x_wconf 91' lang='lat' dir='ltr'><strong>de</strong></span> <span class='ocrx_word' id='word_1_428' title='bbox 805 2819 945 2882; x_wconf 84' lang='lat' dir='ltr'><strong>primo</strong></span> <span class='ocrx_word' id='word_1_429' title='bbox 957 2821 1165 2884; x_wconf 85' lang='lat' dir='ltr'><strong>principio</strong></span> <span class='ocrx_word' id='word_1_430' title='bbox 1177 2815 1282 2864; x_wconf 85' lang='lat' dir='ltr'><strong>nihil</strong></span> <span class='ocrx_word' id='word_1_431' title='bbox 1294 2818 1430 2864; x_wconf 83' lang='lat' dir='ltr'><strong>dicere</strong></span> <span class='ocrx_word' id='word_1_432' title='bbox 1440 2819 1556 2885; x_wconf 81' lang='lat' dir='ltr'><strong>poffe</strong></span> <span class='ocrx_word' id='word_1_433' title='bbox 1564 2818 1862 2866; x_wconf 63' lang='lat' dir='ltr'><strong>affeueratzaciti</strong></span> <span class='ocrx_word' id='word_1_434' title='bbox 1872 2834 1996 2884; x_wconf 82' lang='lat' dir='ltr'><strong>nanq;</strong></span> <span class='ocrx_word' id='word_1_435' title='bbox 2008 2814 2130 2864; x_wconf 85' lang='lat' dir='ltr'><strong>intel-</strong></span> 
     </span>
     <span class='ocr_line' id='line_1_41' title="bbox 473 2878 2130 2951; baseline 0.001 -23"><span class='ocrx_word' id='word_1_436' title='bbox 473 2879 605 2928; x_wconf 69' lang='lat' dir='ltr'><strong>lestus</strong></span> <span class='ocrx_word' id='word_1_437' title='bbox 619 2881 661 2928; x_wconf 72' lang='lat' dir='ltr'><strong>ti</strong></span> <span class='ocrx_word' id='word_1_438' title='bbox 673 2898 825 2947; x_wconf 84' lang='lat' dir='ltr'><strong>magna</strong></span> <span class='ocrx_word' id='word_1_439' title='bbox 839 2878 881 2928; x_wconf 88' lang='lat' dir='ltr'><strong>lu</strong></span> <span class='ocrx_word' id='word_1_440' title='bbox 889 2898 935 2928; x_wconf 86' lang='lat' dir='ltr'><strong>ce</strong></span> <span class='ocrx_word' id='word_1_441' title='bbox 948 2880 1127 2929; x_wconf 84' lang='lat' dir='ltr'><strong>offusam</strong></span> <span class='ocrx_word' id='word_1_442' title='bbox 1141 2882 1358 2932; x_wconf 80' lang='lat' dir='ltr'><strong>hebescere</strong></span> <span class='ocrx_word' id='word_1_443' title='bbox 1370 2902 1456 2951; x_wconf 77' lang='lat' dir='ltr'><strong>arq;</strong></span> <span class='ocrx_word' id='word_1_444' title='bbox 1472 2883 1772 2932; x_wconf 82' lang='lat' dir='ltr'><strong>hallucinari.A</strong></span> <span class='ocrx_word' id='word_1_445' title='bbox 1784 2900 1874 2950; x_wconf 87' lang='lat' dir='ltr'><strong>quo</strong></span> <span class='ocrx_word' id='word_1_446' title='bbox 1884 2882 2050 2932; x_wconf 82' lang='lat' dir='ltr'><strong>fortaffe</strong></span> <span class='ocrx_word' id='word_1_447' title='bbox 2060 2900 2130 2930; x_wconf 81' lang='lat' dir='ltr'><strong>ac·-</strong></span> 
     </span>
     <span class='ocr_line' id='line_1_42' title="bbox 475 2945 2130 3017; baseline 0.001 -22"><span class='ocrx_word' id='word_1_448' title='bbox 475 2951 585 3014; x_wconf 87' lang='lat' dir='ltr'><strong>cepit</strong></span> <span class='ocrx_word' id='word_1_449' title='bbox 599 2945 926 3013; x_wconf 83' lang='lat' dir='ltr'><strong>Dionyfius‚qui</strong></span> <span class='ocrx_word' id='word_1_450' title='bbox 935 2951 979 2994; x_wconf 89' lang='lat' dir='ltr'><strong>in</strong></span> <span class='ocrx_word' id='word_1_451' title='bbox 989 2945 1099 2996; x_wconf 86' lang='lat' dir='ltr'><strong>libro</strong></span> <span class='ocrx_word' id='word_1_452' title='bbox 1113 2949 1165 2996; x_wconf 88' lang='lat' dir='ltr'><strong>de</strong></span> <span class='ocrx_word' id='word_1_453' title='bbox 1177 2953 1227 2996; x_wconf 84' lang='lat' dir='ltr'>M</span> <span class='ocrx_word' id='word_1_454' title='bbox 1232 2950 1358 3014; x_wconf 79' lang='lat' dir='ltr'><strong>ystica</strong></span> <span class='ocrx_word' id='word_1_455' title='bbox 1372 2949 1592 3017; x_wconf 84' lang='lat' dir='ltr'><strong>theologia</strong></span> <span class='ocrx_word' id='word_1_456' title='bbox 1602 2954 1754 3016; x_wconf 86' lang='lat' dir='ltr'><strong>inquit,</strong></span> <span class='ocrx_word' id='word_1_457' title='bbox 1766 2950 1916 3014; x_wconf 73' lang='lat' dir='ltr'><strong>Qito</strong></span> <span class='ocrx_word' id='word_1_458' title='bbox 1928 2953 2062 3015; x_wconf 77' lang='lat' dir='ltr'><strong>magis</strong></span> <span class='ocrx_word' id='word_1_459' title='bbox 2074 2949 2130 2997; x_wconf 81' lang='lat' dir='ltr'><strong>de</strong></span> 
     </span>
     <span class='ocr_line' id='line_1_43' title="bbox 475 3011 2128 3082; baseline 0.001 -22"><span class='ocrx_word' id='word_1_460' title='bbox 475 3018 617 3080; x_wconf 51' lang='lat' dir='ltr'><strong>¹primo</strong></span> <span class='ocrx_word' id='word_1_461' title='bbox 631 3017 835 3080; x_wconf 85' lang='lat' dir='ltr'><strong>principio</strong></span> <span class='ocrx_word' id='word_1_462' title='bbox 849 3011 1067 3080; x_wconf 88' lang='lat' dir='ltr'><strong>loquimur</strong></span> <span class='ocrx_word' id='word_1_463' title='bbox 1077 3032 1151 3082; x_wconf 86' lang='lat' dir='ltr'><strong>per</strong></span> <span class='ocrx_word' id='word_1_464' title='bbox 1161 3033 1318 3082; x_wconf 81' lang='lat' dir='ltr'><strong>ea,quae</strong></span> <span class='ocrx_word' id='word_1_465' title='bbox 1330 3014 1466 3064; x_wconf 68' lang='lat' dir='ltr'><strong>multu</strong></span> <span class='ocrx_word' id='word_1_466' title='bbox 1476 3017 1528 3063; x_wconf 88' lang='lat' dir='ltr'><strong>ab</strong></span> <span class='ocrx_word' id='word_1_467' title='bbox 1544 3035 1596 3064; x_wconf 87' lang='lat' dir='ltr'><strong>eo</strong></span> <span class='ocrx_word' id='word_1_468' title='bbox 1610 3017 1836 3074; x_wconf 58' lang='lat' dir='ltr'><strong>distintato</strong></span> <span class='ocrx_word' id='word_1_469' title='bbox 1850 3017 1932 3064; x_wconf 65' lang='lat' dir='ltr'><strong>etii</strong></span> <span class='ocrx_word' id='word_1_470' title='bbox 1944 3015 2128 3082; x_wconf 86' lang='lat' dir='ltr'><strong>pluribus</strong></span> 
     </span>
     <span class='ocr_line' id='line_1_44' title="bbox 477 3077 2130 3150; baseline 0.002 -26"><span class='ocrx_word' id='word_1_471' title='bbox 477 3079 693 3127; x_wconf 83' lang='lat' dir='ltr'><strong>nosvetbis</strong></span> <span class='ocrx_word' id='word_1_472' title='bbox 703 3083 917 3138; x_wconf 79' lang='lat' dir='ltr'><strong>vti‚irnmo</strong></span> <span class='ocrx_word' id='word_1_473' title='bbox 925 3080 1051 3128; x_wconf 83' lang='lat' dir='ltr'><strong>verba</strong></span> <span class='ocrx_word' id='word_1_474' title='bbox 1061 3077 1173 3130; x_wconf 86' lang='lat' dir='ltr'><strong>nulla</strong></span> <span class='ocrx_word' id='word_1_475' title='bbox 1187 3081 1276 3129; x_wconf 75' lang='lat' dir='ltr'><strong>fitis</strong></span> <span class='ocrx_word' id='word_1_476' title='bbox 1290 3084 1378 3131; x_wconf 83' lang='lat' dir='ltr'><strong>effe:</strong></span> <span class='ocrx_word' id='word_1_477' title='bbox 1386 3092 1428 3131; x_wconf 67' lang='lat' dir='ltr'><strong>Gr</strong></span> <span class='ocrx_word' id='word_1_478' title='bbox 1442 3083 1728 3150; x_wconf 47' lang='lat' dir='ltr'><strong>ecottaequato</strong></span> <span class='ocrx_word' id='word_1_479' title='bbox 1740 3087 1870 3149; x_wconf 83' lang='lat' dir='ltr'><strong>magis</strong></span> <span class='ocrx_word' id='word_1_480' title='bbox 1882 3081 1934 3128; x_wconf 84' lang='lat' dir='ltr'><strong>ad</strong></span> <span class='ocrx_word' id='word_1_481' title='bbox 1946 3082 2036 3148; x_wconf 67' lang='lat' dir='ltr'><strong>ipsu</strong></span> <span class='ocrx_word' id='word_1_482' title='bbox 2048 3082 2130 3128; x_wconf 64' lang='lat' dir='ltr'><strong>m&amp;-</strong></span> 
     </span>
     <span class='ocr_line' id='line_1_45' title="bbox 477 3145 2130 3260; baseline 0.001 -68"><span class='ocrx_word' id='word_1_483' title='bbox 477 3161 519 3193; x_wconf 88' lang='lat' dir='ltr'><strong>te</strong></span> <span class='ocrx_word' id='word_1_484' title='bbox 529 3145 809 3194; x_wconf 75' lang='lat' dir='ltr'><strong>access&#39;erimus</strong></span> <span class='ocrx_word' id='word_1_485' title='bbox 819 3182 833 3204; x_wconf 89' lang='lat'>,</span> <span class='ocrx_word' id='word_1_486' title='bbox 845 3146 937 3194; x_wconf 71' lang='lat' dir='ltr'><strong>tito</strong></span> <span class='ocrx_word' id='word_1_487' title='bbox 950 3151 1145 3212; x_wconf 84' lang='lat' dir='ltr'><strong>pauciora</strong></span> <span class='ocrx_word' id='word_1_488' title='bbox 1157 3166 1292 3216; x_wconf 65' lang='lat' dir='ltr'><strong>quoq5,</strong></span> <span class='ocrx_word' id='word_1_489' title='bbox 1304 3149 1426 3198; x_wconf 82' lang='lat' dir='ltr'><strong>verba</strong></span> <span class='ocrx_word' id='word_1_490' title='bbox 1438 3150 1562 3197; x_wconf 83' lang='lat' dir='ltr'><strong>nobis</strong></span> <span class='ocrx_word' id='word_1_491' title='bbox 1576 3150 1816 3217; x_wconf 85' lang='lat' dir='ltr'><strong>suppettere.</strong></span> <span class='ocrx_word' id='word_1_492' title='bbox 1830 3145 1950 3215; x_wconf 73' lang='lat' dir='ltr'><strong>quod</strong></span> <span class='ocrx_word' id='word_1_493' title='bbox 1960 3147 1992 3196; x_wconf 87' lang='lat' dir='ltr'>fi</span> <span class='ocrx_word' id='word_1_494' title='bbox 2004 3146 2130 3260; x_wconf 48' lang='grc' dir='ltr'>πιέἰρ-</span> 
     </span>
     <span class='ocr_line' id='line_1_46' title="bbox 2054 3230 2128 3261; baseline -0.027 0"><span class='ocrx_word' id='word_1_495' title='bbox 2054 3230 2128 3261; x_wconf 85' lang='lat' dir='ltr'><strong>um</strong></span> 
     </span>
    </p>
   </div>
  </div>
 </body>
</html>
