2455 3671
580 257 923 328 LIBER
994 258 1648 330 SECVNDVS·
1947 300 2052 368 ¹03

200 375 245 424 Α
281 360 683 429 vnumquodquei'n
692 378 901 431 quantum
907 363 1149 432 est,operari
1159 383 1172 411 ε
1184 362 1231 412 id
1245 367 1360 412 enim
1405 363 1497 413 uod·
1504 363 1558 413 ab
1569 365 1649 412 effe
1657 363 1801 413 deficit
1809 401 1823 424 ,
1833 368 1943 432 paria

281 443 344 478 ter
353 427 497 478 deficit
507 429 561 478 ab
575 433 821 497 operatione
832 454 845 488 ;
858 438 902 478 &
946 446 1118 478 uatenus
1129 429 1272 479 deficit
1281 430 1337 479 ab
1348 382 1440 490 ege,
1450 431 1594 479 deficit
1605 435 1732 480 etiam
1742 430 1797 480 ab
1807 434 1944 480 afflo-

279 514 336 544 ne
347 530 360 544 .
370 492 402 543 fi
413 513 517 562 ergo
530 502 729 546 omnium
741 514 881 545 rerum
889 449 985 546 eget
994 496 1109 545 idem
1120 496 1320 564 effe,quin
1328 501 1464 564 magis
1475 496 1507 546 fi
1517 501 1662 546 omnia
1671 498 1797 546 effent
1807 515 1943 547 vnum

281 579 353 610 ens
363 587 376 620 ς
387 566 589 611 omnium
611 580 715 630 ergo
727 563 875 612 eadem
885 562 983 612 effet
995 568 1186 632 operatio
1195 598 1206 609 .
1221 563 1342 631 quod
1358 562 1574 612 manifeste
1592 562 1743 612 falsum
1754 563 1832 612 effe
1852 582 1945 632 per-

281 627 453 696 spicitur
464 667 475 676 .
499 627 663 678 Adhaec
672 666 688 686 ,
697 633 791 697 quis
803 643 891 679 tam
903 647 1045 678 amens
1057 646 1250 696 vnquam
1258 627 1405 688 fuerit,
1418 646 1464 679 vt
1504 646 1635 679 utaret
1647 635 1853 679 contraria
1863 632 1944 679 effe

278 698 467 743 inuicem
483 712 618 744 vnum
629 722 641 755 3
651 694 837 745 calidum
859 698 1036 763 inquam
1055 695 1214 762 frigido
1225 731 1239 754 ,
1253 710 1326 744 aut
1344 648 1572 744 humid’um
1594 694 1706 746 {icco
1716 734 1731 756 ,
1744 694 1944 745 albumve

279 765 405 826 nigro
419 773 433 810 Ξ
445 764 642 811 Praeterea
651 763 725 811 vbi
741 761 979 811 multitudo
990 780 1079 810 non
1090 763 1149 811 est
1158 798 1172 820 ,
1181 780 1322 830 neque
1331 763 1444 810 ordo
1454 761 1562 811 vllus
1575 798 1589 821 ,
1598 779 1669 812 aut
1680 780 1852 812 ornatus
1864 764 1944 811 effe

278 827 441 894 potest:
453 845 531 876 nec
544 828 649 895 fingi
658 846 847 896 vnquam
870 833 1027 896 poterit
1037 865 1050 884 ,
1061 833 1106 876 ni
1117 826 1252 877 multa
1272 826 1445 882 finnalia
1458 829 1536 877 effe
1546 846 1640 896 quae
1662 846 1849 897 pareant,
1864 828 1945 878 alia

279 909 376 962 quae
386 898 593 963 imperent
603 931 617 954 ,
627 894 706 944 alia
715 913 809 962 qua:
817 911 942 961 agant
955 903 998 943 &
1011 895 1224 962 perficiant
1234 930 1249 954 ,
1261 894 1340 943 ali'a
1352 912 1444 963 quae
1455 900 1663 963 patiantur
1674 904 1716 943 &
1728 896 1944 962 ¹perfician-

280 975 349 1009 tur
358 998 369 1009 .
393 963 482 1009 Am
512 959 590 1010 lius
602 998 616 1020 ,
627 977 875 1029 generatum
887 961 985 1011 ess‘et
1004 961 1121 1010 idem
1141 977 1344 1028 corrupto
1356 982 1368 1008 ι
1380 970 1423 1009 ὃς
1437 959 1538 1010 cum
1561 979 1809 1029 corruptum
1831 978 1944 1010 rece-

193 1053 230 1097 Β
280 1026 353 1076 dat
363 1026 417 1074 ab
427 1046 450 1075 e
482 1045 521 1084 e,
531 1043 778 1094 generatum
787 1025 888 1076 vero
899 1027 1131 1086 accedat,&
1144 1027 1223 1076 effe
1234 1032 1422 1094 acquirat
1430 1052 1444 1085 ς
1453 1028 1568 1076 idern
1580 1045 1682 1094 ergo
1695 1028 1748 1076 ab
1762 1047 1849 1076 vno
1864 1029 1944 1076 effe

279 1094 445 1143 recedet
459 1102 502 1141 δι
516 1094 689 1142 accedet
700 1130 713 1152 ,
723 1095 869 1162 perdet
883 1103 927 1142 δε
949 1099 1138 1162 acquiret
1147 1129 1157 1141 .
1173 1094 1326 1161 quibus
1340 1092 1448 1142 cette
1467 1091 1572 1142 nihil
1582 1099 1718 1162 magis
1731 1094 1942 1143 absonum

278 1164 511 1226 excogitari
531 1161 667 1226 potest
679 1198 689 1210 .
703 1165 906 1209 Rationes
919 1158 1020 1211 veto
1033 1159 1292 1209 Parmenidis
1312 1158 1472 1208 soluere
1482 1178 1574 1208 non
1584 1161 1822 1210 admodum
1834 1160 1944 1214 diffi-

276 1223 359 1274 cile
369 1226 543 1274 est.nam
553 1245 693 1294 neque
705 1225 947 1277 vniuersalia
957 1263 970 1286 ,
982 1242 1053 1275 aut
1064 1227 1166 1275 ideae
1175 1244 1248 1294 per
1256 1223 1298 1274 fi:
1307 1224 1530 1274 subsistunt
1542 1223 1570 1274 Ξ,
1578 1224 1858 1293 fingularibus
1870 1228 1944 1279 ab·

278 1292 643 1360 strastmquamuis
654 1312 709 1342 eo
721 1294 859 1343 modo
871 1290 895 1341 ἃ
905 1308 1049 1341 mente
1059 1297 1350 1360 concipiantur
1360 1330 1370 1340 .
1392 1296 1499 1340 Haec
1509 1310 1678 1360 nanque
1690 1291 1880 1360 decipula
1892 1312 1944 1342 ex

277 1376 335 1405 eo
347 1359 406 1406 est
415 1358 537 1407 fonte
549 1365 697 1408 erroris
709 1397 723 1419 ,
735 1378 867 1428 quem
879 1358 1129 1428 plerumque
1139 1357 1374 1407 intellefitus
1388 1359 1512 1406 nobis
1525 1357 1660 1407 adfert
1670 1383 1682 1417 ;
1692 1375 1738 1407 vt
1756 1364 1800 1407 in
1812 1364 1943 1427 priori

276 1422 389 1474 libro
400 1430 487 1473 iam
497 1426 779 1494 exposuimus.
791 1431 1021 1474 Rationem
1033 1430 1161 1473 etiam
1173 1423 1347 1473 alteram
1360 1423 1514 1473 diluere
1526 1443 1703 1493 paruum
1716 1430 1941 1492 negotium

277 1492 339 1539 est
349 1529 361 1539 .
373 1494 491 1540 Nam
505 1502 547 1540 &
561 1491 739 1560 aliquod
753 1491 831 1540 effe
843 1492 1003 1560 potest,
1015 1492 1137 1560 quod
1149 1508 1289 1540 tamen
1300 1492 1360 1539 est
1400 1506 1513 1540 raete'r
1524 1489 1698 1560 aliquod
1710 1516 1729 1549 ς’
1768 1493 1856 1540 uod
1870 1511 1942 1540 ve*-

277 1555 322 1605 re
331 1559 391 1606 est
410 1574 583 1627 propter
593 1558 773 1606 diuersas
793 1562 974 1605 rationes
987 1563 1091 1606 entis
1103 1595 1115 1606 .
1129 1562 1198 1606 Ac
1208 1562 1336 1606 etiam
1374 1575 1388 1604 1
1400 1575 1471 1605 ens
1485 1575 1572 1606 vno
1586 1558 1724 1605 modo
1734 1510 1942 1606 diceretur

276 1623 333 1672 de
343 1625 523 1683 enribus3
533 1622 638 1672 illud
649 1625 772 1692 quod
783 1624 881 1672 esset
893 1674 894 1677 ,
919 1640 1035 1672 raeter
1043 1623 1219 1691 aliquod
1229 1621 1433 1690 finguiare
1448 1641 1538 1682 ens,
1568 1621 1673 1672 offet
1684 1627 1696 1671 i
1730 1623 1818 1671 sum
1832 1642 1888 1691 qu
1894 1642 1944 1671 o-

278 1706 365 1757 que
387 1690 462 1738 sub
473 1706 567 1738 ente
577 1694 783 1739 contineri
792 1727 807 1749 ,
817 1707 865 1738 ac
877 1642 929 1738 d'e
941 1708 993 1738 eo
1007 1688 1198 1738 veredici
1215 1688 1338 1757 quod
1352 1688 1402 1738 fit
1414 1708 1484 1737 ens
1496 1726 1510 1744 ,
1556 1706 1628 1737 cut
1648 1642 1880 1738 influmine
1896 1699 1939 1738 &

208 1778 250 1824 C
279 1761 431 1805 caeteris
447 1757 785 1823 indiuiduis,quae
794 1757 887 1805 sunt
897 1754 1084 1804 eiusdem
1095 1756 1266 1824 speciei,
1278 1760 1430 1804 intueri
1440 1754 1537 1803 licet
1548 1793 1559 1804 .
1580 1756 1764 1804 Habitus
1777 1758 1836 1804 est
1845 1759 1941 1804 Par·

277 1823 467 1872 menides
479 1823 718 1891 quibusque
727 1821 813 1870 fere
824 1838 911 1872 tem
943 1822 1090 1870 oribus
1112 1827 1157 1870 in
1168 1838 1324 1888 magna
1335 1822 1642 1870 existimatione
1653 1858 1667 1880 ,
1680 1839 1726 1871 vt
1739 1841 1790 1870 ex
1801 1822 1941 1871 Plato-

277 1893 341 1936 nis
353 1894 642 1937 monumentis
653 1888 902 1955 colligitur.i
933 1893 1047 1936 circo
1059 1887 1254 1936 nonnulli
1264 1925 1277 1947 ‚
1291 1892 1486 1955 quamuis
1500 1889 1721 1954 Ens‚quo·d
1734 1889 1786 1936 de
1797 1894 1941 1937 omni-

277 1954 358 2003 bus
369 1955 780 2022 praedicatur,eorum
791 1954 989 2002 sententia
999 1972 1089 2001 non
1101 1952 1151 2002 fit
1161 1972 1298 2003 vnum
1308 1952 1522 2002 subfistens
1534 1958 1578 2000 in
1590 1955 1790 2002 omnibus
1805 1979 1817 2014 ς
1830 1955 1940 2004 arbi-

277 2026 374 2070 trati
386 2037 527 2069 tamen
537 2023 629 2068 sunt
641 2038 785 2089 praeter
794 2038 999 2078 naturam,
1009 2037 1138 2087 atque
1148 2020 1361 2068 essentiam
1372 2017 1573 2086 cuiusque
1584 2022 1943 2088 rei,vniquanqne

277 2105 369 2135 rem
381 2088 551 2135 existere
561 2105 633 2154 per
643 2086 777 2154 ipsum
790 2086 1005 2152 effqquod
1015 2086 1215 2134 secudum
1227 2104 1318 2135 rem
1332 2087 1658 2153 distinguitur,&
1672 2082 1696 2133 εὶ
1708 2091 1878 2135 materia
1894 2096 1940 2135 δε

280 2151 453 2202 ὲῑοηηι
464 2154 665 2221 cuiusque
675 2151 923 2220 copofiti‚ad
935 2152 1057 2220 quod
1067 2168 1209 2200 totum
1221 2151 1464 2220 cfipofirum
1476 2152 1535 2200 est
1543 2156 1586 2199 in
1600 2155 1758 2220 petitia
1766 2190 1780 2211 ,
1791 2171 1942 2221 quem·

279 2220 519 2268 admodum
531 2224 703 2267 materia
713 2219 767 2267 ad
777 2219 823 2267 fo
829 2237 915 2266 rma
921 2217 1109 2286 tntidque
1123 2219 1315 2267 dixerunt
1326 2218 1404 2266 effe
1414 2222 1559 2266 aetum
1571 2223 1796 2286 totius,per
1808 2237 1941 2286 quem

279 2299 425 2335 totum
435 2285 643 2334 existat-Et
654 2285 741 2334 hoc
781 2289 878 2332 3ᾶο
891 2285 1031 2333 dixere
1041 2286 1390 2353 vnumquodque
1402 2284 1479 2333 effe
1488 2302 1562 2353 per
1572 2289 1939 2352 participationem

279 2349 407 2419 ipfius
419 2351 519 2410 effe3
531 2351 651 2417 quod
665 2303 785 2418 perpe
797 2351 929 2399 existit
939 2348 1079 2399 solum
1091 2356 1137 2399 in
1145 2356 1286 2418 primo
1299 2369 1436 2398 rerum
1450 2355 1670 2418 principio,
1682 2368 1728 2399 vt
1742 2348 1849 2398 infri
1861 2352 1943 2399 do-

282 2417 421 2465 cebim
427 2421 531 2466 usin
543 2423 695 2465 caeteris
707 2415 826 2476 vero,
859 2435 921 2466 11ae
933 2417 1025 2464 sunt
1035 2422 1145 2465 entia
1155 2435 1230 2485 per
1238 2415 1792 2486 participationem,afferunt
1802 2417 1939 2484 ipsum

200 2500 247 2546 1)
283 2483 364 2532 effe
373 2482 561 2533 formam
573 2484 785 2551 quandam
796 2521 809 2542 ‚
820 2437 887 2531 {u
897 2487 1041 2532 actum
1055 2484 1268 2552 quendam
1290 2488 1420 2532 totius
1430 2520 1444 2542 ‚
1458 2501 1529 2550 pet
1542 2501 1674 2550 quem
1699 2499 1842 2531 totum
1855 2487 1942 2530 exi-

283 2550 363 2598 stat
371 2584 383 2596 .
392 2567 471 2598 nec
479 2548 633 2618 absque
645 2555 807 2598 tatione
825 2556 867 2598 in
877 2548 1123 2598 huiustnodi
1133 2551 1380 2598 sententiam
1389 2550 1584 2597 videntur
1594 2547 1800 2597 deueniffe
1813 2568 1824 2595 =
1837 2565 1941 2597 nam

283 2614 339 2663 de
349 2633 621 2683 quacumque
642 2634 685 2663 re
697 2618 913 2684 poffumus
934 2613 1163 2682 intelligere
1175 2617 1380 2685 quidnam
1392 2614 1441 2662 fit
1452 2651 1466 2673 ,
1481 2623 1523 2662 &
1534 2619 1624 2663 eius
1644 2616 1856 2662 essentiam
1869 2613 1940 2663 seu

285 2697 479 2730 naturam
489 2682 841 2749 comprehendere
853 2702 865 2730 :
877 2680 993 2731 etim
1005 2700 1145 2731 tamen
1157 2687 1197 2730 in
1203 2700 1304 2731 com
1335 2697 1472 2730 ertum
1484 2678 1534 2729 fit
1544 2681 1682 2739 nobis,
1696 2679 1722 2728 s
1720 2679 1806 2729 itne
1816 2699 1878 2729 res
1888 2679 1940 2728 il-

285 2746 325 2796 la
335 2746 565 2812 necnqhoc
581 2763 723 2798 tamen
733 2747 985 2817 impoffibile
995 2749 1127 2796 videti
1139 2749 1288 2816 potest,
1320 2766 1334 2795 1
1374 2765 1418 2795 er
1426 2746 1612 2795 formam
1624 2745 1648 2794 i
1660 2765 1742 2813 qua
1754 2765 1816 2794 res
1828 2763 1942 2813 quae-

287 2819 349 2862 uis
361 2830 552 2862 naturam
563 2830 689 2881 atque
699 2816 911 2864 essentiam
923 2815 1091 2864 sortitur
1101 2852 1113 2872 ‚
1125 2820 1252 2864 etiam
1266 2822 1328 2862 exi
1366 2830 1408 2862 at
1420 2851 1430 2862 .
1444 2812 1639 2881 Amplius
1652 2845 1666 2866 ,
1678 2809 1777 2860 etim
1788 2829 1942 2861 vnum-

319 2881 495 2948 uodque
505 2878 683 2947 perfecte
694 2898 885 2930 naturam
895 2897 1021 2948 atque
1033 2881 1244 2930 effentiam
1256 2881 1372 2929 suam
1384 2881 1586 2937 obtineat,
1600 2877 1630 2925 st
1642 2895 1786 2927 natura
1796 2894 1868 2926 aut
1880 2878 1942 2925 es-

305 2950 414 2994 entia
425 2947 669 3012 effct'ipsum
679 2946 755 2995 effe
767 2953 823 2995 rei
835 2985 849 3004 ‚
859 2964 1119 3016 vnaquaeque
1143 2966 1205 2996 res
1217 2945 1399 3015 perfecte
1410 2946 1620 2993 obtineret
1630 2945 1767 3013 ipsum
1780 2944 1880 3001 esse3
1896 2953 1941 2992 δε

289 3010 346 3061 fic
355 3027 446 3059 non
456 3013 641 3061 existeret
659 3064 660 3068 ,
710 3032 729 3062 r
739 3018 1099 3082 participationem
1111 3012 1234 3082 ipfius
1246 3011 1347 3071 effe3
1361 3011 1432 3060 sed
1452 3011 1625 3060 haberet
1635 3009 1935 3079 plenitudinem

289 3075 443 3127 effendi
453 3115 465 3126 .
477 3079 563 3128 ho'c
575 3079 679 3128 vero
725 3086 855 3129 enitus
867 3077 1121 3148 impoffibile
1132 3082 1191 3128 est
1201 3078 1328 3128 alicui
1346 3079 1518 3133 attribui
1530 3115 1543 3136 ,
1555 3093 1832 3145 preterquam
1856 3080 1940 3143 pri-

288 3159 366 3194 mo
378 3148 475 3195 Enti
483 3170 497 3206 ς
505 3161 553 3197 vt
563 3144 668 3199 infiat
678 3099 865 3198 <gemtus
877 3184 887 3196 .
903 3150 965 3195 Ex
975 3146 1087 3198 hisce
1099 3145 1246 3213 coliigi
1254 3161 1415 3214 putant,
1420 3142 1539 3213 quod
1549 3143 1716 3193 afferet-e
1730 3158 1939 3257 (ἕστηκε,
