2455 3671
681 263 1081 338 REPVB-
1150 263 1494 339 LIBER
1559 269 1640 339 V·
1999 309 2094 372 321

251 386 294 431 A
323 383 395 438 gat
405 407 419 430 ,
427 369 551 420 alicui
562 373 806 423 conceditur
814 389 901 422 tarn
911 390 1064 439 magna
1074 372 1253 440 potestas
1263 384 1311 423 vt
1319 377 1463 423 omnia
1474 377 1595 423 vuius
1606 375 1707 422 ciuis
1716 370 1889 422 arbitrio
1898 371 1971 441 ΡΞ-

323 439 449 486 deant
459 474 469 484 .
482 442 585 486 Hoc
603 442 647 487 in
656 436 759 487 loco
771 458 818 488 ea
836 438 903 488 lex
912 457 1001 487 non
1012 440 1072 487 est
1091 438 1116 487 εἴ
1126 438 1250 486 nobis
1270 439 1621 506 praetermitteuda
1629 443 1972 508 ‚Imperatorem

322 508 542 571 Legatum,
553 503 847 572 praefedumve
857 504 985 553 claffis
999 502 1132 555 vllum
1143 523 1232 554 non
1244 505 1358 572 poste
1374 523 1474 555 cum
1484 506 1718 555 triremibus
1729 510 1897 556 armatis
1906 510 1972 556 in·-

323 571 440 637 gtedi
451 575 658 620 Venetam
679 571 827 620 vrbem
837 607 851 629 ,
862 586 999 638 neque
1010 575 1137 619 etiam
1158 586 1260 620 tunc
1268 577 1424 620 cumin
1444 576 1621 640 patriam
1634 571 1762 622 redit:
1778 572 1849 621 sed
1870 590 1972 622 cum

323 642 512 705 primum
532 638 691 685 Isttiam
711 642 964 706 peruenerit,
975 654 1069 704 quae
1088 642 1306 704 prouincia
1316 655 1485 687 centum
1496 636 1581 687 fere
1598 631 1770 688 milibus
1778 639 1972 706 paffuum

323 703 377 751 ab
389 702 489 751 vrbe
499 702 619 751 distat
628 738 641 757 ,
651 704 901 771 stipendium
913 708 1045 751 nautis
1057 702 1215 769 exlegis
1228 704 1402 752 decretis
1411 702 1518 752 solui
1528 701 1810 771 debessibir'lue
1820 721 1972 752 omnes

323 769 501 834 dimitti:
515 769 667 818 deinde
684 773 869 818 triremes
891 767 915 816 ὲ
955 774 1065 819 aucis
1077 774 1273 819 Venetiae
1294 769 1448 819 deduci
1470 769 1678 830 solebant,
1690 788 1739 819 ac
1758 774 1805 818 in
1824 769 1973 819 nauale

323 833 499 882 subuehi
518 833 593 883 sub
604 839 713 884 testa
723 839 769 884 in
789 853 888 884 eum
897 787 1017 885 qum
1035 835 1233 884 aedificata
1242 871 1256 894 ‚
1266 836 1340 885 vbi
1359 851 1458 885 tuta:
1478 836 1690 886 struantur
1708 835 1734 886 ἃ
1743 852 1972 886 ventorum

325 908 371 948 &
383 899 621 967 pluuiarum
631 906 798 950 iniuria:
811 919 922 950 nunc
933 900 999 950 lex
1010 900 1097 950 haec
1117 905 1274 951 nonita
1282 905 1402 950 omni
1413 921 1463 950 ex
1482 917 1596 969 parte
1605 901 1788 952 seruatur
1796 938 1810 958 ,
1821 919 1974 970 quem-

321 965 563 1015 admodum
583 984 749 1034 patrum
767 969 1010 1016 nostrorum
1028 968 1289 1035 temporibus
1310 968 1546 1019 setuabatur
1557 1005 1568 1018 .
1581 966 1790 1017 Recenfiti
1808 965 1970 1016 anobis

247 1049 283 1094 B
325 1032 417 1081 sunt
437 1050 587 1080 ornnes
599 1032 684 1081 fere
702 1035 961 1100 magistratus
971 1071 987 1094 ,
997 1034 1149 1101 quibus
1160 1033 1315 1093 ‚veluti
1334 1051 1539 1082 coronam
1552 1039 1770 1102 &apicem
1789 1038 1971 1083 maiores

323 1100 455 1146 nostri
473 1099 709 1167 imposuere
730 1118 804 1148 eos
815 1137 829 1158 ,
840 1118 949 1167 quos
961 1098 1183 1149 vernaculo
1194 1099 1407 1149 vocabulo
1418 1100 1442 1148 a
1454 1104 1599 1149 Graeca
1613 1098 1888 1171 appellatione
1898 1099 1973 1151 de-

323 1164 481 1222 dut‘sto,
493 1165 687 1230 syndicos
707 1165 844 1214 dicere
865 1163 1157 1215 consueuimus
1179 1184 1286 1214 .nos
1303 1184 1376 1215 eos
1396 1165 1650 1234 appellamus
1670 1170 1973 1232 recognitores,

323 1249 443 1278 nouo
455 1229 619 1279 fortaffie
629 1236 827 1290 nomine,
840 1231 907 1280 sed
928 1232 1019 1280 fitis
1029 1231 1189 1280 idoneo
1200 1232 1254 1280 ad
1266 1232 1382 1281 idem
1402 1250 1556 1281 munus
1577 1230 1868 1299 explicandum
1880 1269 1891 1280 .
1906 1235 1974 1281 Hi

320 1298 421 1364 post
440 1313 621 1363 quatuor
641 1295 879 1364 quinilueve
890 1315 1021 1345 annos
1044 1302 1171 1346 creari
1183 1296 1314 1346 solent
1324 1316 1398 1352 ,ac
1417 1303 1530 1347 mitti
1548 1314 1642 1347 rum
1654 1302 1698 1346 in
1718 1301 1971 1350 continentis

323 1379 443 1410 oram
457 1364 605 1412 nostrae
613 1363 798 1422 ditionis,
811 1379 903 1412 tum
913 1369 955 1412 in
967 1367 1157 1430 regiones
1167 1368 1395 1412 maritimas
1406 1382 1455 1413 ac
1464 1362 1612 1412 insulas
1624 1383 1636 1412 .-
1648 1363 1974 1429 recognoscunt-

321 1425 409 1494 c'que
457 1429 537 1476 esta
547 1433 743 1478 omnium
767 1446 993 1496 praetorum
1011 1446 1138 1496 atque
1155 1429 1334 1481 aliorum
1346 1434 1422 1496 qui
1440 1428 1542 1477 foris
1563 1428 1772 1497 publicam
1794 1429 1973 1495 potesta-

323 1510 413 1542 tem
461 1494 649 1543 abuerint
659 1531 669 1542 .
682 1499 729 1544 In
751 1513 859 1561 quos
883 1495 1217 1544 animaduertunt
1227 1513 1276 1543 ea
1294 1495 1611 1563 propemodum
1632 1499 1855 1543 autoritate
1878 1511 1973 1561 quae

323 1560 455 1608 Aduo
461 1561 670 1608 tatoribus
681 1560 833 1608 tributa
845 1562 901 1608 est
911 1598 922 1609 .
937 1565 1056 1609 Nam
1067 1577 1111 1609 vt
1131 1561 1330 1627 sapienter
1339 1558 1582 1610 Aristoteles
1594 1566 1732 1627 inquit
1742 1596 1754 1618 ,
1766 1558 1810 1608 hi
1830 1565 1906 1626 qui
1928 1565 1974 1609 in.

323 1625 527 1692 potestate
543 1628 635 1674 sunt
643 1662 659 1684 ‚
669 1624 743 1673 nifi
755 1644 803 1674 ex
817 1625 1121 1694 aliis-pendeant
1130 1662 1145 1684 ,
1154 1625 1259 1693 πετὲ
1278 1631 1322 1674 in
1334 1625 1477 1675 officio
1492 1625 1706 1694 perfistunt
1728 1642 1896 1693 propter
1908 1629 1976 1672 in-

323 1695 513 1757 genitam
523 1695 677 1758 cuique
691 1690 893 1741 malitiam
907 1730 919 1740 .
937 1697 1174 1758 Peregimus
1195 1697 1280 1739 iam
1290 1711 1438 1741 omncs
1462 1697 1722 1760 patritiorum
1744 1689 1974 1739 hominurn

255 1778 296 1822 C
325 1757 597 1822 magistratus,
607 1758 761 1824 quibus
771 1755 1020 1825 Respublica
1030 1763 1193 1807 Veneta
1204 1758 1328 1807 domi
1338 1755 1524 1825 forisEJue
1542 1758 1594 1806 ad
1600 1758 1845 1805 ministratur
1858 1777 1867 1803 :
1883 1755 1973 1804 reli-

323 1839 463 1888 quum
473 1823 591 1877 est,vt
599 1841 647 1870 ea
659 1830 763 1870 ratio
777 1821 801 1870 ai
810 1824 933 1871 nobis
944 1822 1141 1872 referatur
1151 1859 1165 1882 ‚
1177 1842 1261 1890 qua
1274 1822 1573 1891 prudentiffimi
1584 1821 1778 1872 homines
1792 1826 1971 1871 maiores

322 1888 549 1949 nostr-istm
580 1906 622 1936 er
635 1893 679 1936 in
689 1888 833 1936 officio
847 1888 1012 1956 plebem
1022 1907 1069 1936 ac
1081 1890 1316 1937 vniuersurn
1330 1888 1540 1956 populum
1549 1894 1843 1936 continuerunt
1854 1925 1868 1943 ‚
1879 1905 1971 1936 rem

325 1952 435 2001 certe
455 1952 573 2021 supra
584 1959 777 2002 omnium
787 1955 917 2002 fidem
927 1991 941 2013 ,
953 1970 1019 2003 tot
1027 1973 1161 2003 annos
1173 1953 1382 2022 populum
1394 1955 1704 2020 gubernationis
1716 1952 1890 2019 publica:
1902 1972 1974 2000 ex-

323 2036 485 2087 pertem
503 2037 719 2086 uunquam
739 2026 1003 2088 patritiorum
1023 2026 1250 2088 imperium
1268 2020 1508 2068 detrectasse
1518 2034 1590 2067 aut
1610 2017 1715 2087 πετὲ
1728 2018 1858 2067 tuliffe
1870 2055 1884 2074 ,
1896 2036 1973 2066 nec

324 2089 542 2152 quippiam
555 2102 746 2151 vnquam
757 2086 954 2134 molitum
967 2088 1043 2134 effe
1053 2103 1099 2135 vt
1109 2102 1270 2134 mutata
1280 2083 1534 2152 Reipublicae
1548 2085 1688 2133 forma
1700 2083 1784 2151 ipse
1794 2102 1972 2150 quoque

324 2152 379 2198 ad
391 2155 453 2198 ius
465 2149 683 2218 publicum
693 2151 981 2200 admitteretur
989 2189 1003 2210 ,
1014 2150 1103 2199 imo
1115 2149 1274 2219 semper
1285 2148 1608 2199 amantiffimum
1628 2166 1754 2216 atque
1765 2149 1973 2216 obsequ&-

326 2215 529 2263 tiffimum
539 2215 763 2265 nobilitatis
775 2217 817 2266 se
866 2218 1051 2267 raestitiss'e
1063 2254 1073 2264 .
1087 2223 1252 2267 Verum
1262 2216 1293 2265 fi
1306 2221 1399 2282 quis
1410 2232 1552 2283 praeter
1572 2214 1668 2264 fitus
1679 2219 1974 2282 opportunita-

325 2297 415 2329 tem
427 2280 547 2331 valde
557 2284 781 2332 commodi
799 2302 824 2331 a
863 2282 1187 2350 Rempublicam
1197 2283 1398 2331 tuendam
1408 2318 1422 2341 ,
1432 2281 1769 2330 moderationem
1788 2280 1974 2328 nostram

325 2351 373 2395 in,
382 2348 565 2414 regendo
575 2350 915 2398 animaduerterit
923 2387 937 2406 ‚
949 2354 1179 2416 comperiet
1189 2346 1396 2416 populum
1408 2365 1496 2396 non
1506 2351 1686 2395 omnino
1708 2345 1973 2413 repudiatum

324 2411 465 2460 fuisse:
479 2414 547 2462 sed
559 2415 611 2463 ad
623 2433 669 2462 ea
681 2433 853 2464 munera
862 2415 977 2463 fuIffe
987 2416 1223 2472 admissum,
1236 2432 1330 2480 quae
1344 2419 1384 2461 ei
1394 2416 1608 2461 committi
1620 2427 1808 2479 poterant
1818 2409 1974 2477 absque

247 2497 293 2540 D
327 2483 385 2526 rei
407 2485 649 2527 communis
659 2481 909 2530 detrimento
921 2519 931 2529 .
947 2482 1137 2546 Ideoque
1152 2477 1274 2527 facile
1282 2481 1378 2547 pets
1398 2484 1505 2526 icere
1516 2482 1668 2545 poterit
1688 2477 1732 2525 id
1741 2481 1786 2524 in
1799 2474 1878 2524 hac
1888 2482 1974 2526 Re-

327 2543 493 2611 publica
505 2562 879 2622 temperamentum
891 2545 1193 2612 extitiffqquod
1205 2550 1358 2593 caeteris
1368 2497 1611 2592 fluminibus
1623 2558 1716 2591 tum
1730 2541 1865 2608 priscis
1878 2558 1974 2591 tum

327 2611 559 2658 iunioribus
582 2615 741 2678 [emper
761 2611 915 2661 defuit.
935 2612 1236 2672 Qarnobrem
1256 2610 1430 2658 euenisse
1452 2614 1578 2657 etiam
1599 2612 1909 2674 comperiet,vt
1928 2612 1974 2654 in

329 2679 487 2724 cunstis
509 2676 593 2724 aliis
617 2677 819 2725 turnultus
838 2676 1053 2744 populares
1075 2676 1314 2743 frequenter
1332 2676 1484 2724 fuerint
1504 2678 1666 2722 excitati
1680 2710 1694 2732 ‚
1706 2678 1781 2740 qui
1802 2673 1974 2720 tandem

331 2759 479 2789 omnes
503 2742 765 2808 Respublicas
789 2748 1007 2791 euerterint
1019 2781 1029 2790 .
1041 2759 1189 2790 contra
1207 2747 1251 2791 in
1272 2743 1411 2791 nostra
1432 2745 1596 2790 ciuitate
1616 2740 1676 2787 ob
1692 2756 1784 2786 cam
1808 2736 1968 2786 causam

329 2806 493 2854 nullum
505 2826 691 2875 vnquarn
703 2807 933 2857 tumultum
943 2808 1190 2876 popularem
1200 2823 1272 2856 aut
1281 2808 1527 2856 seditionem
1538 2805 1722 2852 extitiffe.
1736 2808 1892 2852 etenim
1900 2822 1973 2852 ne-

331 2870 433 2920 ceffe
443 2871 523 2920 fisit
533 2910 546 2929 ‚
557 2891 601 2922 vt
611 2879 654 2922 in
665 2875 839 2922 exordio
853 2880 987 2940 operis
999 2873 1131 2930 dixi,s1
1141 2877 1252 2921 redte
1262 2871 1509 2939 Respublica
1518 2870 1766 2918 instituenda
1776 2884 1860 2916 erat
1868 2906 1882 2928 ‚
1892 2888 1974 2935 po-

331 2936 481 3005 pulum
499 2939 522 2986 i
541 2940 841 3005 gubernatione
861 2939 1115 3007 Rcipublicae
1134 2938 1325 2987 excludi.
1348 2956 1430 3005 qua
1450 2943 1492 2985 in
1514 2952 1626 3004 parre
1643 2939 1820 2982 maiores
1842 2936 1972 2983 nostri

331 3022 419 3052 non
438 3001 601 3052 tantum
621 3012 885 3055 autoritatem
907 3007 1171 3054 summorum
1193 3004 1544 3071 philosophorum
1564 3019 1613 3049 ac
1631 3006 1838 3049 rationem
1860 3003 1974 3047 [ecu-

330 3074 367 3119 ti
384 3068 785 3124 sunt‚verumetiam
806 3077 955 3120 imitati
973 3075 1065 3119 sunt
1087 3070 1302 3119 Sesostrim
1320 3067 1650 3134 antiquiffimum
1670 3070 1972 3132 AEgyptiorum

331 3132 603 3201 legissatorem
617 3173 629 3185 .
639 3143 713 3205 qui
723 3154 769 3188 vt
787 3142 832 3186 in
843 3137 1023 3187 Politicis
1035 3136 1280 3187 Aristoteles
1286 3134 1474 3204 perhibet
1482 3170 1496 3196 ,
1506 3150 1656 3202 genere
1668 3132 1882 3246 disgincsstos
1894 3149 1972 3180 vo·

1748 3217 1770 3245 e
1792 3215 1821 3258 ¹1
