2455 3671
632 269 993 346 LIBER
1064 271 1638 370 QVINTVS·
1942 282 2014 373 8³

197 412 241 456 A
279 401 340 432 no
351 385 621 432 interminato
643 382 722 430 effi:
744 401 832 430 non
843 382 979 451 potest
991 419 1002 430 .
1028 387 1136 447 Qo
1148 388 1305 431 etenim
1324 387 1451 450 pasto
1491 388 1616 433 oterit
1637 386 1717 434 effe
1727 385 1930 454 quispiam

279 455 484 499 terminus
505 453 778 498 interminatae
798 453 857 497 rei
871 461 884 497 ,²
897 446 1021 496 color
1041 465 1186 497 autern
1199 454 1402 498 terminus
1424 469 1447 497 e
1495 486 1506 499 .
1519 449 1718 518 diaphani
1737 470 1840 519 ergo
1853 470 1936 501 tet-

278 520 427 565 minati
447 521 647 564 terminus
668 534 738 584 per
761 515 801 563 fi:
818 517 875 564 est
893 513 1016 563 color
1027 552 1037 564 .
1070 519 1272 564 Attamen
1293 522 1489 584 quamuis
1520 516 1779 584 diaphanutn
1800 536 1934 567 omne

279 600 431 651 corpus
443 580 494 630 fit
503 619 517 642 ,
531 580 731 650 corporis
751 599 803 630 ue
825 588 1023 631 terminus
1046 579 1096 631 fit
1117 580 1348 650 superficies
1361 602 1372 629 ε
1399 581 1521 631 color
1532 587 1678 650 vtique
1701 585 1932 652 superficies

278 667 368 698 non
385 653 464 696 erit
483 685 499 706 ,
512 647 581 698 sed
593 649 705 696 estin
715 601 927 717 lt‘lipetficie
939 682 947 693 .
965 646 1095 696 Aliud
1107 654 1219 696 enim
1242 650 1300 696 est
1312 665 1547 697 extremum
1561 656 1750 718 corporis
1761 688 1774 710 ,
1789 667 1942 719 quate-

277 731 356 763 nus
377 730 587 783 quantum
599 732 749 782 corpus
763 715 843 772 est,
858 723 901 762 δε
914 712 1028 763 aliud
1041 730 1276 762 extremum
1290 720 1477 782 corporis
1492 714 1687 784 diaphani
1697 753 1711 776 ‚
1728 733 1934 784 quatenus

277 781 348 830 dia
375 779 536 829 hanum
559 782 639 830 est:
655 797 891 830 extremum
913 797 1053 829 tamen
1077 780 1335 848 diaphanum
1358 781 1417 829 est
1439 787 1481 829 in
1495 781 1707 849 superficie
1727 789 1933 851 corporis.

279 851 349 895 Co
369 852 558 915 origitur
569 848 677 896 estin
689 847 902 914 superficie
912 884 926 904 ‚
939 865 1027 894 non
1039 862 1177 895 autem
1189 848 1248 895 est
1257 846 1489 914 superficies
1502 885 1512 895 .
1541 847 1817 916 Diaphanum
1833 847 1936 899 veti>

277 911 443 963 nullum
463 914 645 962 terminu
657 912 783 961 habet
793 950 805 971 ,
817 912 893 960 nifi
905 930 1107 980 quatenus
1119 930 1306 981 opacum
1316 914 1374 961 est
1386 950 1396 961 .
1412 912 1514 961 illud
1528 918 1642 962 enim
1659 914 1931 983 diaphanum‚

278 981 399 1047 quod
417 985 625 1047 opacitate
637 984 817 1027 omnino
831 978 1107 1047 caret,suapte
1123 995 1270 1027 natura
1292 983 1520 1027 terminum
1532 998 1620 1028 non
1632 979 1756 1030 habet
1769 1018 1782 1037 ‚
1796 982 1865 1030 sed
1880 986 1937 1031 est

193 1074 228 1117 B
281 1054 324 1093 δε
347 1045 555 1094 lumini&
575 1048 679 1094 visui
691 1050 883 1114 peruium
899 1082 909 1094 .
931 1046 1154 1093 Admixtio
1175 1050 1303 1112 igitur
1316 1044 1481 1093 luminis
1499 1063 1598 1095 curn
1612 1046 1823 1114 diaphano
1837 1067 1932 1096 cor-

279 1130 382 1180 pore
394 1111 545 1161 scilicet
556 1111 725 1160 luminis
747 1118 959 1179 receptiuo
981 1118 1234 1179 opacitatem
1256 1110 1437 1160 habente
1450 1117 1492 1159 in
1513 1129 1702 1160 extremo
1716 1112 1824 1162 illius
1838 1133 1933 1162 cor-

276 1183 391 1246 poris
411 1177 603 1226 colorem
626 1176 753 1226 efficit
764 1215 775 1226 .
789 1182 909 1225 Nam
930 1194 1077 1226 natura
1097 1177 1295 1245 diaphani
1308 1196 1396 1225 non
1417 1177 1536 1246 :tque
1548 1180 1658 1227 estin
1682 1181 1930 1247 corporibus

278 1245 478 1292 omnibus
489 1281 502 1304 ,
514 1262 608 1312 quae
621 1243 713 1292 sunt
723 1249 809 1292 eius
825 1261 977 1292 natutae
989 1249 1151 1311 capacia
1165 1282 1173 1292 .
1190 1240 1352 1292 Verum
1368 1249 1410 1291 in
1433 1246 1685 1311 quibusdam
1708 1246 1931 1313 perfectius

276 1311 454 1368 inest;in
465 1310 551 1358 aliis
566 1310 909 1378 imperfectiusjn
921 1310 1133 1377 diaphanis
1147 1314 1419 1359 interminatis
1434 1308 1668 1423 perststius,
1681 1330 1774 1378 qua:
1786 1318 1930 1368 etiam,

277 1373 379 1424 cum
388 1378 601 1424 eitemum
615 1375 779 1425 nullum
790 1376 971 1425 habeant
983 1394 1071 1443 quo
1093 1376 1201 1424 visus
1214 1381 1437 1429 nitatur‚co
1456 1394 1575 1424 orem
1589 1378 1649 1426 sui
1667 1394 1812 1426 natura
1840 1378 1933 1426 nul-

277 1441 369 1490 lum
381 1442 535 1490 habent
545 1467 557 1500 3
569 1443 637 1490 sed
647 1444 834 1510 Vndique
861 1441 1105 1510 penitusfque
1115 1443 1207 1489 sunt
1219 1441 1378 1490 lumine
1390 1441 1584 1490 illustrata
1594 1481 1608 1502 ,
1622 1459 1668 1491 vt
1678 1449 1746 1490 aiir
1758 1443 1935 1511 perluci-

277 1508 355 1556 dus
368 1546 378 1558 .
393 1506 637 1566 Nonnulla,
653 1526 745 1575 quae
755 1507 1037 1576 imperfectius
1051 1509 1143 1556 sunt
1165 1508 1367 1574 diaphana
1380 1545 1392 1566 ,
1406 1527 1454 1555 ac
1466 1526 1684 1576 propterea
1704 1509 1850 1576 aliquo
1860 1529 1933 1578 pa-

277 1577 351 1623 ἂο
364 1593 495 1642 opaca
507 1612 519 1633 ,
533 1573 561 1622 fi
573 1573 733 1622 lumine
755 1574 1075 1641 perfundantur,
1090 1579 1284 1640 quamuis
1302 1578 1404 1621 visui
1424 1579 1564 1641 peruia
1578 1573 1694 1632 sunt,
1708 1576 1768 1622 ob
1788 1582 1933 1643 opaci-

276 1638 411 1690 tatem*
421 1658 559 1689 tamen
569 1656 805 1688 extremum
819 1639 1027 1698 habentnn
1040 1659 1129 1707 quo
1143 1644 1248 1687 viius
1262 1657 1444 1707 quoquo
1458 1641 1594 1688 modo
1608 1641 1635 1687 fi
1668 1643 1852 1707 i-potest:
1870 1648 1932 1690 vi-

277 1703 513 1773 denturque
536 1704 681 1754 colore
693 1706 841 1772 aliquo
855 1704 1173 1754 affeaeiiaxitrutn
1189 1742 1199 1761 ‚
1213 1705 1620 1774 aquarumcoplures
1632 1658 1757 1754 Euius
1770 1710 1930 1756 ordinis

203 1793 244 1836 C
275 1773 391 1820 sunt:
405 1778 447 1820 in
461 1773 611 1840 quibus
631 1772 953 1840 deprehenditur
977 1771 1117 1838 aliqua
1137 1773 1289 1837 species
1312 1770 1466 1819 coloris
1482 1811 1490 1820 .
1506 1770 1584 1819 alia
1594 1770 1694 1820 vero
1708 1773 1928 1840 diaphana‚

274 1839 319 1886 id
333 1840 391 1886 est
403 1837 595 1892 ,luminis
609 1843 837 1905 receptura,
851 1847 893 1886 &
907 1839 929 1885 32
941 1837 1099 1885 lumine
1119 1835 1270 1884 affesta
1288 1836 1466 1885 multam
1486 1837 1643 1886 habent
1656 1845 1926 1906 opacitatem

276 1902 459 1971 ideoque
471 1906 562 1951 sunt
573 1909 775 1970 imperuia
787 1903 911 1962 visui,
925 1902 1145 1970 staquue
1158 1908 1201 1950 in
1215 1919 1398 1951 extrema
1419 1921 1572 1951 eorum
1585 1903 1796 1972 superficie
1820 1908 1926 1954 visus

275 1970 419 2036 figitur
431 2008 441 2017 .
453 1969 543 2017 haec
553 1967 717 2018 tanturn
731 1968 917 2017 colorata
928 1969 1121 2018 videntur
1133 2006 1145 2024 ,
1159 1978 1201 2016 &
1215 1987 1304 2016 non
1314 1968 1536 2036 diaphana.
1568 1973 1626 2017 Ex
1640 1970 1704 2017 his
1718 1972 1927 2038 perspicue}

275 2035 461 2103 sequitur
473 2035 617 2084 colore
630 2037 717 2083 fieri
729 2054 777 2082 ex
789 2035 1049 2083 admixtione
1061 2034 1230 2082 luminis
1242 2054 1341 2082 cum
1362 2053 1500 2102 opaco
1514 2055 1524 2082 t
1538 2034 1817 2103 coloremque
1828 2040 1922 2096 effe,

275 2118 322 2149 vt
334 2101 573 2149 Aristoteles
585 2107 743 2168 inquit,
755 2119 993 2150 extremum
1003 2100 1197 2168 diaphani
1210 2105 1439 2149 terminati.
1484 2103 1786 2168 Qamobtem
1801 2108 1926 2151 Auen

275 2171 381 2214 Pace
394 2168 609 2216 arbitratus
633 2169 689 2215 est
701 2167 853 2214 coloris
867 2186 963 2215 natu
971 2185 1057 2215 ram
1073 2176 1115 2215 &
1139 2167 1316 2234 speciem
1330 2185 1416 2214 non
1430 2165 1593 2215 differre
1606 2166 1630 2214 a
1642 2184 1786 2216 natura
1799 2169 1928 2217 lumi-

275 2250 338 2280 ms
350 2270 362 2288 ,
371 2232 557 2301 ideoque
567 2232 759 2281 colorem
775 2243 814 2281 δι
827 2232 969 2281 lumen
982 2238 1145 2300 putauit
1155 2234 1234 2280 effe
1246 2230 1429 2280 eiusdem
1442 2232 1601 2300 speciei;
1614 2232 1802 2301 nihilque
1810 2234 1926 2282 aliud,

273 2298 466 2347 colorem
505 2300 583 2346 effe
603 2337 615 2358 ,
639 2298 713 2346 nisi
737 2316 971 2347 extremum
993 2298 1185 2347 luminis:
1199 2297 1256 2346 hu
1264 2303 1302 2346 ic
1322 2299 1482 2347 addidit
1504 2298 1668 2347 colores
1690 2306 1732 2347 in
1748 2301 1925 2348 tenebris

275 2363 381 2412 nihil
403 2363 483 2412 effe
493 2368 588 2413 adiu
601 2402 613 2422 ‚
625 2366 691 2413 sed
715 2363 875 2413 tannim
891 2366 969 2413 esse
983 2370 1027 2413 in
1049 2370 1236 2431 potentia
1247 2402 1260 2422 ,
1270 2365 1312 2411 id
1336 2366 1396 2412 est¹
1406 2402 1418 2422 ‚
1432 2364 1704 2413 inchoatione
1726 2368 1923 2431 quadam3

275 2448 387 2497 quos
401 2431 677 2497 postmodum
689 2431 901 2498 perficeret
911 2434 1117 2498 praesentia
1127 2429 1294 2478 luminis
1306 2429 1416 2478 illius
1428 2468 1440 2488 ,
1451 2432 1570 2497 quod
1588 2430 1807 2498 expelleret
1818 2448 1926 2479 tene-

201 2515 247 2561 1)
275 2495 369 2544 bras
381 2534 391 2544 .
407 2501 591 2544 Ratione
601 2501 701 2545 vero
713 2496 793 2544 hac
813 2499 973 2545 dictum
985 2497 1103 2544 fuiffe
1115 2501 1240 2544 Auen
1253 2502 1362 2543 Pace
1378 2494 1611 2544 veriffimile
1624 2498 1699 2555 τῆς,
1716 2502 1923 2564 quoniam

274 2579 365 2610 non
376 2563 719 2611 animaduertitin
733 2563 981 2631 corporibus
993 2562 1193 2611 coloratis
1213 2561 1454 2611 intrinsecus
1472 2561 1630 2628 aliquid
1644 2561 1812 2610 luminis
1829 2562 1921 2612 esse.

275 2625 439 2677 Verum
453 2627 579 2677 cEsuit
589 2645 717 2676 omne
729 2629 973 2678 extrinsecus
987 2629 1181 2676 accedere
1190 2627 1213 2674 a
1223 2626 1422 2694 presentia
1434 2633 1622 2693 corporis
1636 2626 1774 2680 lucidi,
1788 2632 1926 2677 Auer-

275 2698 360 2742 tois
372 2699 413 2741 in
427 2694 609 2742 secundo
623 2694 729 2743 libro
743 2697 795 2742 de
803 2700 1077 2747 animasscuta
1089 2698 1250 2742 ratione
1262 2691 1410 2741 refellit
1420 2691 1528 2741 hanc
1540 2694 1784 2742 sententiam
1796 2699 1922 2743 Auen

276 2763 413 2808 Paces.
446 2763 565 2807 Nam
586 2766 725 2827 inquit
737 2795 749 2814 ‚
759 2759 883 2808 color
903 2761 1157 2808 estmotiuus
1179 2758 1374 2826 diaphani
1394 2759 1624 2806 secundum
1646 2762 1852 2818 a&um‚id
1864 2762 1923 2808 est

277 2830 363 2874 eius
375 2826 569 2892 diaphani
579 2862 593 2881 ,
603 2827 723 2892 quod
735 2831 829 2875 austu
843 2828 900 2874 est
911 2825 1179 2894 diaphanum.
1197 2829 1328 2872 Aditus
1340 2842 1480 2872 autem
1494 2824 1686 2892 diaphani
1696 2824 1838 2874 lumen
1848 2829 1920 2873 est.

277 2896 473 2958 Sequitur
483 2910 585 2958 ergo
634 2889 719 2939 uod
739 2893 810 2946 dia³
835 2892 993 2939 hanun-1
1009 2908 1236 2958 ,quatenus
1260 2890 1402 2938 lumen
1424 2889 1574 2948 habet,
1588 2889 1637 2938 fit
1650 2909 1718 2958 per
1732 2894 1770 2940 se
1780 2892 1922 2940 mobi-

276 2954 509 3006 lezicolore
521 2995 531 3004 .
543 2910 632 3006 Sed
641 2975 771 3006 omne
795 2911 1069 3025 [lisceptiuum
1083 2993 1095 3014 ‚
1109 2953 1451 3023 receptiuumc'lue
1473 2957 1594 3024 perse
1608 2955 1779 3005 alicuius
1802 2974 1923 3006 natu-

279 3041 354 3081 rae,
366 3039 477 3071 caret
489 3038 631 3071 natura
643 3034 685 3072 &
701 3024 831 3092 specie
843 3029 899 3071 rei
911 3041 1041 3090 quam
1055 3027 1209 3090 recipit.
1227 3026 1340 3089 Ergo
1352 3021 1475 3070 color
1484 3060 1496 3080 ‚
1512 3028 1584 3090 qui
1598 3041 1668 3089 per
1682 3024 1720 3070 se
1732 3028 1920 3072 motinus

279 3091 340 3139 est
349 3089 555 3157 diaphani‚
601 3106 769 3138 uatenus
783 3090 841 3136 est
851 3089 1009 3137 lumine
1019 3087 1266 3137 illust-ratum
1278 3126 1292 3146 ,
1302 3106 1390 3136 non
1399 3089 1456 3136 est
1466 3090 1650 3136 eiusdem
1662 3090 1809 3156 speciei
1820 3107 1921 3137 cum

279 3155 439 3206 lumine
451 3193 462 3204 .
488 3107 663 3206 Palilia-a
673 3155 765 3204 sani:
779 3164 821 3204 ¹&c
845 3153 987 3204 efficax
1007 3160 1115 3204 ratio
1127 3193 1137 3204 .
1150 3160 1346 3204 Praeterea
1369 3159 1492 3204 Auen
1513 3160 1616 3203 Pace
1640 3154 1744 3222 aegre
1756 3156 1920 3205 causam
