2455 3671
319 283 460 372 296

891 265 1027 334 DE
1091 258 1855 331 VENETORVM

484 370 608 420 modi
629 369 819 418 monstro
840 383 1079 418 vexaretur.
1091 366 1214 416 Nihil
1234 371 1348 415 enim
1368 370 1503 433 magis
1514 364 1594 415 fibi
1614 367 1892 416 metuendum
1912 367 1993 417 effe
2010 366 2140 418 duxe-

485 454 585 487 runt
593 474 607 496 ,
651 434 749 484 urim
770 437 1012 484 intestinum
1023 433 1188 482 hostem
1201 442 1246 481 δι
1258 438 1417 482 ciuium
1427 438 1535 482 inter
1544 433 1584 481 se
1596 433 1850 483 fimultatem
1862 471 1874 483 .
1888 452 2018 503 quare
2037 453 2141 487 eum

485 509 626 553 anima
659 503 863 551 uertiffent
883 506 926 549 in
937 498 1170 569 Republica
1181 501 1600 548 Lacedaemoniorum
1613 499 1806 568 Ephorus
1824 502 1999 550 summae
2018 518 2141 551 auto-

485 575 614 619 ritatis
625 568 755 628 fiaiss‘e,
767 567 944 616 Athenis
958 571 1071 616 Areo
1103 571 1249 633 agitas,
1258 571 1412 614 Rotnae
1421 566 1569 615 decern
1579 570 1693 615 vitos
1703 604 1718 627 ‚
1727 572 1802 636 qui
1814 572 1940 616 etiam
1950 567 2061 635 leges
2071 570 2142 617 06-

487 637 705 694 diderunt;
719 638 1041 702 operepraecium
1061 584 1290 700 (Equoque
1298 631 1483 680 fasturos
1496 633 1758 687 crediderunt
1766 669 1780 693 ,
1794 631 1824 681 fi
1835 633 1990 682 horum
2002 650 2142 684 exem-

517 702 609 751 lum
630 706 783 750 imitati
794 737 807 759 ‚
818 705 861 748 in
885 700 1033 768 dispari
1053 714 1194 748 tamen
1215 697 1332 747 causa
1343 732 1357 752 ,
1368 699 1650 764 magistratum
1672 698 1716 747 su
1722 718 1845 748 mmae
1866 703 2076 768 potestatis
2095 707 2142 750 in

485 721 568 817 Eae
588 768 726 816 nostra
734 772 900 815 ciuitate
910 767 1166 814 instituerent
1177 789 1189 824 3
1202 769 1271 812 cui
1281 764 1532 832 prouidendi
1544 765 1744 833 praecipue
1754 784 1852 815 cura
1862 768 1958 814 effet
1968 803 1982 822 ,
1993 785 2046 815 ne
2056 785 2142 834 qua

485 841 594 884 inter
605 840 714 882 ciues
729 833 934 882 discordia
943 870 957 891 ,
969 849 1062 900 quat
1071 831 1316 880 seditionem
1344 829 1518 889 faceret,
1529 837 1728 880 oriretur:
1741 850 1794 881 ne
1806 851 1889 898 qua
1906 832 2036 881 factio
2046 850 2142 888 ,aut

486 920 539 949 ne
551 906 645 968 quis
663 901 916 968 perniciosus
929 903 1033 946 ciuis
1052 895 1310 965 Reipublicae
1319 895 1482 945 insidias
1496 896 1734 947 moliretur.
1750 897 1868 966 quod
1892 897 1922 945 fi
1935 899 2140 967 quispiam

485 966 731 1016 huiufinodi
742 967 915 1014 morbus
927 963 1044 1013 malo
1054 962 1142 1012 fato
1152 968 1195 1011 in
1207 968 1422 1011 ciuitatem
1432 963 1649 1031 obreperet
1670 964 1816 1012 furtim
1826 1002 1838 1023 ,
1852 966 2059 1013 luminam
2071 965 2144 1014 ha-

486 1034 605 1082 beret
625 1038 893 1080 autoritatem
911 1036 955 1078 in
970 1049 1042 1078 eos
1064 1029 1505 1085 animaduertendi,ac
1526 1031 1778 1098 procurandi
1800 1050 1850 1078 ne
1862 1032 1965 1098 quid
1984 1033 2142 1098 Respu-

486 1099 597 1147 blica
613 1099 853 1146 detrimenti
873 1113 1078 1165 pateretur
1090 1119 1101 1145 ,⁴
1113 1114 1201 1145 tam
1223 1113 1377 1162 magna
1396 1093 1497 1144 vero
1518 1098 1696 1164 potestas
1710 1134 1722 1154 ‚
1736 1116 1870 1165 neque
1891 1095 2142 1165 pauciffimis

486 1163 574 1212 fine
595 1163 781 1232 periculo
793 1168 1009 1212 committi
1029 1178 1191 1230 poterat
1201 1198 1215 1220 ,
1226 1180 1364 1229 neque
1386 1161 1662 1210 formidabilis
1674 1200 1688 1222 ,
1700 1162 1730 1211 si
1742 1162 1884 1218 multis
1898 1170 2142 1214 committe-

486 1247 613 1288 retur,
626 1230 764 1278 futura
775 1246 860 1278 erat
871 1269 882 1278 .
929 1233 1096 1277 uocirca
1105 1243 1151 1277 vt
1161 1229 1214 1276 ab
1223 1243 1404 1296 vtroque
1416 1230 1699 1278 incommodo
1708 1247 1900 1279 canerent
1910 1267 1924 1288 ,
1936 1230 2020 1278 hoc
2032 1230 2144 1278 insti·

485 1313 657 1345 tuetunt
669 1298 881 1344 decemuir
921 1315 943 1344 e
955 1292 1183 1361 collegium
1196 1331 1206 1342 .
1219 1312 1410 1343 annuum
1423 1294 1468 1342 hi
1485 1310 1633 1361 gerunt
1646 1299 1926 1363 magistratum
1940 1334 1953 1352 ,
1964 1295 2144 1364 eamque

487 1368 753 1411 vacationem
763 1362 941 1421 habent,
956 1378 1001 1410 vt
1011 1366 1045 1408 is
1057 1366 1133 1428 qui
1141 1358 1207 1410 vel
1219 1378 1292 1428 per
1304 1361 1416 1408 diem
1428 1365 1470 1409 in
1483 1379 1536 1408 eo
1546 1363 1781 1428 magistratu
1796 1363 1918 1411 fuerit
1928 1400 1940 1420 ,
1954 1381 2040 1410 non
2054 1381 2144 1411 tan-

487 1426 581 1477 tum
595 1448 647 1476 eo
659 1447 771 1477 anno
785 1466 797 1484 ,
811 1429 879 1476 sed
891 1429 1037 1476 futuro
1049 1431 1173 1475 etiam
1183 1432 1269 1475 eius
1280 1432 1462 1475 muneris
1473 1433 1736 1478 vacationem
1748 1428 1897 1477 habeat
1908 1466 1920 1483 ,
1932 1448 2067 1496 neque
2081 1429 2140 1477 fas

488 1495 633 1543 fiteius
648 1502 690 1542 in
701 1499 885 1543 comitiis
897 1492 1244 1542 decemuiralibus
1258 1496 1416 1541 ratione
1428 1492 1570 1541 haberi
1582 1532 1592 1542 .
1607 1496 1761 1561 quibus
1772 1496 2018 1542 decemuiris
2033 1501 2143 1562 prin·

488 1567 625 1628 cipem
640 1579 815 1628 quoque
827 1569 870 1608 &
882 1558 1139 1608 consiliarios
1158 1559 1378 1607 adiunxere
1394 1565 1470 1607 :ita
1484 1575 1530 1608 vt
1541 1561 1776 1609 vniuersutn
1790 1560 2016 1626 collegium
2032 1560 2145 1607 sum-

488 1646 608 1675 mam
629 1630 775 1674 decem
790 1636 833 1674 ὅτ.
856 1627 1009 1693 septem
1024 1629 1181 1674 ciuium
1207 1623 1410 1692 expleret,
1424 1626 1576 1691 quibus
1596 1625 1682 1674 haec
1696 1629 1856 1674 summa
1880 1629 2056 1694 potestas
2073 1644 2142 1674 tri·

487 1694 591 1742 buta
614 1693 662 1740 fit
674 1730 684 1740 .
697 1711 747 1740 ex
768 1694 918 1740 decem
938 1695 1034 1740 viris
1047 1727 1059 1747 ,
1071 1689 1238 1757 fingulis
1260 1689 1470 1739 menfibus
1492 1706 1572 1739 tres
1594 1693 1790 1740 dicuntur
1811 1694 1862 1740 ab
1886 1692 1962 1740 illis
1986 1696 2139 1760 quibus

486 1760 573 1807 sors
585 1761 807 1824 obtigerit:
822 1758 865 1805 hi
877 1762 1078 1826 principes
1097 1755 1264 1822 collegij
1280 1758 1369 1804 sunt
1378 1793 1392 1814 ,
1404 1755 1670 1824 maternaque
1686 1757 1825 1825 lingua
1838 1765 1970 1826 capita
1992 1760 2138 1806 decem

486 1822 627 1875 virt'im
639 1823 833 1892 appellari
844 1824 1147 1871 consueuerunt
1163 1859 1173 1870 .
1183 1827 1246 1870 ius
1256 1821 1410 1870 habent
1420 1825 1602 1888 cogendi
1613 1824 1886 1872 decemuirale
1896 1824 2074 1891 collegio
2082 1843 2140 1878 m„

487 1893 678 1957 atquc-ad
698 1888 801 1937 illud
815 1888 1017 1937 referendi
1039 1904 1199 1936 certum
1211 1886 1412 1935 conclaue
1433 1887 1668 1947 habent,in
1680 1892 1798 1956 quod
1820 1892 2014 1957 quotidie
2038 1909 2142 1938 con-

488 1963 665 2005 'ueniunt
675 1977 689 2002 .·
703 1972 838 2004 certos
852 1960 975 2003 etiarn
989 1955 1200 2002 ministros
1213 1990 1226 2011 ,
1239 1958 1446 2012 ianitores,
1460 1959 1710 2022 apparitores
1722 1974 1770 2003 ac
1781 1958 1992 2022 stipatores
2007 1977 2017 2002 :
2032 1955 2139 2004 adeo

487 2039 535 2071 vt
559 2022 710 2070 nullius
723 2022 981 2088 magistratus
993 2017 1177 2068 subsellia
1189 2037 1288 2067 cum
1300 2024 1450 2068 maiori
1462 2019 1722 2069 obseruantia
1739 2022 1858 2069 adeas
1872 2060 1882 2069 .
1896 2023 2052 2070 adeunt
2070 2041 2142 2070 ve-

488 2107 539 2136 ro
563 2107 714 2135 omnes
726 2123 739 2145 ‚
751 2087 901 2154 quibus
917 2104 1015 2134 cum
1037 2086 1282 2134 decemuiris
1298 2091 1528 2152 negocium
1550 2088 1608 2134 est
1620 2124 1630 2134 .
1643 2087 1778 2136 literas
1791 2106 1966 2154 quoque
1986 2089 2036 2135 ad
2051 2088 2142 2136 col-

488 2154 651 2221 legium
673 2154 833 2220 scriptas
855 2150 1023 2218 legunt,
1039 2161 1081 2199 δε
1093 2152 1146 2200 de
1167 2150 1246 2199 illis
1258 2152 1310 2199 ad
1322 2154 1437 2199 idem
1459 2152 1638 2200 referunt
1652 2191 1662 2202 .
1676 2172 1728 2200 ne
1744 2170 1882 2201 tamen
1906 2171 2058 2202 temere
2070 2160 2141 2201 Se-

489 2238 609 2268 natus
631 2218 698 2267 ille
710 2214 947 2266 consulatur
956 2252 969 2272 ,
981 2236 1069 2265 non
1081 2236 1183 2266 vnus
1195 2216 1358 2266 tantum
1372 2238 1420 2265 ex
1431 2218 1494 2265 his
1506 2220 1758 2286 principibus
1772 2220 1972 2267 referendi
1990 2225 2052 2267 ius
2064 2218 2139 2268 ha·

491 2287 563 2334 bet
573 2323 587 2344 ,
599 2286 665 2333 sed
679 2285 767 2332 duo
779 2282 858 2332 fin:
869 2302 975 2351 opus
987 2285 1045 2332 est
1055 2321 1069 2343 ,
1081 2282 1314 2351 quireferre
1326 2285 1378 2332 de
1390 2284 1534 2332 eadem
1548 2302 1590 2332 re
1600 2285 1727 2333 velint
1738 2322 1750 2342 ‚
1764 2286 1828 2334 [eu
1876 2302 2024 2334 uatuor
2034 2304 2142 2334 con-

491 2351 627 2410 filiarij
643 2388 652 2399 .
667 2351 725 2398 ob
747 2350 923 2398 eandem
945 2355 1069 2398 etiam
1093 2352 1256 2398 causam
1270 2369 1346 2408 ,ne
1366 2351 1471 2417 quid
1492 2366 1646 2398 temere
1666 2351 1692 2398 a
1712 2304 1958 2418 paucilliimts
1976 2353 2141 2399 ciuibus

491 2421 706 2466 immutari
729 2413 851 2484 poffit
861 2414 988 2474 ,illud
1009 2417 1241 2463 institutum
1254 2417 1310 2463 est
1322 2452 1334 2471 ,
1344 2414 1442 2473 ne,fi
1464 2421 1564 2483 quip
1596 2422 1676 2464 iam
1688 2418 1808 2485 quod
1830 2423 1914 2466 iarn
1936 2420 2140 2465 fincitnm

490 2482 556 2542 fit,
566 2484 768 2548 abrogare
787 2481 913 2531 velint
925 2482 991 2536 ‚id
1011 2481 1213 2529 habeatur
1227 2499 1304 2549 pto
1317 2498 1544 2549 ratoatque
1584 2501 1746 2543 ecreto,
1759 2483 1833 2531 nifi
1858 2485 1950 2531 duae
1970 2482 2138 2549 collegij

491 2564 625 2617 partes
636 2547 861 2614 suffragatae
871 2546 950 2596 fint
961 2586 971 2597 .
987 2546 1105 2595 illum
1119 2566 1294 2615 quoque
1316 2566 1482 2598 morem
1492 2549 1713 2597 obseruant
1723 2586 1736 2607 ,
1748 2568 1799 2596 ne
1812 2568 1928 2598 reum
1938 2587 1952 2608 ‚
1966 2568 2065 2597 cum
2086 2550 2140 2597 de

492 2634 547 2664 eo
558 2616 761 2663 iudicium
783 2613 907 2662 laturi
925 2614 1039 2671 sunt,
1051 2618 1091 2661 in
1105 2614 1331 2679 collegium
1354 2614 1594 2672 admittant,
1610 2633 1746 2682 neque
1766 2621 2030 2682 cognitorem
2044 2631 2140 2670 ‚aut

491 2698 705 2728 oratorem
719 2683 959 2746 quempiam
971 2716 985 2738 ,
997 2684 1071 2746 qui
1085 2685 1171 2727 cius
1183 2679 1347 2727 caulam
1357 2696 1452 2746 agat
1464 2700 1474 2727 :
1486 2681 1604 2746 quod
1618 2686 1830 2729 tamenvius
1840 2718 1854 2740 ‚
1866 2700 1962 2729 cum
1976 2682 2084 2749 apud
2096 2699 2140 2729 :t-A

492 2746 599 2795 lium
613 2747 899 2812 magistratum
919 2747 1079 2793 caulam
1092 2746 1236 2793 dicunt
1246 2782 1258 2803 ‚
1270 2751 1346 2793 reis
1370 2746 1608 2796 concessum
1622 2748 1678 2794 est
1690 2785 1700 2794 .
1714 2752 1818 2795 ratio
1830 2765 1968 2795 autem
1982 2744 2140 2813 ‚quam

491 2819 535 2860 in
549 2814 709 2860 iudiciis
734 2812 965 2859 exercendis
979 2812 1139 2859 seruant
1149 2848 1161 2869 ,
1174 2810 1260 2858 haec
1272 2812 1330 2859 est
1342 2848 1350 2859 .
1364 2810 1389 2858 a
1404 2813 1654 2879 principibus
1668 2811 1832 2879 collegij
1858 2830 1946 2860 reus
1958 2815 2138 2867 auditur,

492 2876 663 2945 eiusqtie
674 2878 785 2925 dicia
805 2882 952 2924 omnia
964 2878 1117 2943 scriptis
1138 2878 1408 2926 mandantur.
1424 2875 1538 2926 Cum
1552 2895 1692 2926 autem
1706 2878 1822 2927 caula
1842 2880 1894 2927 ad
1908 2877 2138 2944 collegium

492 2944 673 2992 defertur
684 2981 697 3001 ,
709 2941 783 3009 ipfi
805 2941 970 3009 collegij
985 2947 1183 3010 principes
1205 2941 1358 3009 aliisque
1378 2944 1531 2991 iudices
1546 2950 1618 3010 qui
1640 2946 1834 2992 intersunt
1844 2982 1858 3001 ,
1872 2953 1914 2991 ὃ(
1928 2945 2138 2992 accusato-

491 3015 546 3058 ris
560 3019 603 3058 δε
625 3014 684 3057 rei
694 3014 831 3056 vicem
853 3024 1004 3074 agunt:
1017 3006 1161 3075 resque
1181 3009 1413 3057 decernitur
1422 3015 1604 3059 maxima
1624 3012 1782 3079 semper
1790 3008 1977 3066 adhibita
1994 3011 2135 3070 iudicii

494 3077 785 3122 moderatione
797 3111 808 3122 .
823 3079 949 3122 Initio
961 3074 1187 3122 decemuiri
1209 3074 1308 3122 huic
1320 3091 1483 3123 tantum
1493 3082 1550 3123 rei
1569 3094 1742 3141 operam
1754 3077 2072 3144 impendebant,
2085 3093 2138 3122 ne

492 3142 597 3209 quid
609 3142 795 3190 existeret
804 3174 819 3195 ,
831 3140 951 3208 quod
969 3140 1223 3207 Reipublicae
1234 3138 1428 3208 ciuilit‘Jue
1440 3143 1674 3191 concordiae
1684 3143 1815 3211 poffet
1826 3142 1992 3191 officere
2000 3177 2010 3186 .
2025 3141 2138 3209 post-

2004 3226 2052 3255 ea
2066 3225 2136 3255 ve-

2177 367 2214 417 Ε

2167 1038 2200 1082 1³

2165 1766 2207 1809 C)
