2455 3671
367 292 477 338 120
620 250 1060 324 PRIMAE
1125 247 2001 324 PHILOSOPHIAE

491 372 640 419 nititur
648 372 805 415 vnitate
815 362 1137 415 multitudineve
1156 384 1168 411 ε
1182 380 1244 412 res
1267 367 1381 412 enim
1392 361 1534 411 multae
1548 381 1597 414 ac
1616 363 1786 413 diuersae
1797 401 1812 423 ,
1856 382 1919 414 uae
1937 370 2144 419 vnitatem
2192 360 2229 407 E

492 436 708 504 quandam
720 438 826 482 inter
835 435 874 481 se
881 431 1144 490 habeangstu
1155 437 1200 478 in
1212 429 1434 479 substantia
1444 431 1513 478 stu
1523 434 1568 478 in
1589 436 1822 498 quantitate
1849 450 1901 481 eu
1912 437 1957 483 in
1969 433 2146 502 qualita-

493 518 537 551 te
553 501 602 549 fit
613 499 703 548 haec
720 503 976 555 vnitasjnter
986 498 1026 547 se
1036 497 1191 545 habent
1203 495 1496 545 habitudinem
1506 501 1672 545 vnitatis
1685 534 1696 547 .
1712 501 1855 546 Huius
1870 505 2028 566 generis
2040 504 2135 550 sunt

494 566 658 625 fimilia,
663 564 847 633 :equalia;
861 565 1010 614 eadem
1022 562 1109 613 fine
1119 580 1270 629 genere
1280 560 1366 610 fiue
1378 559 1510 630 specie
1520 562 1588 611 stu
1599 563 1658 611 ob
1671 569 1886 613 materiam
1898 583 1946 615 ac
1956 566 2146 616 subie&fi

495 634 644 682 eadem
655 630 821 680 fuerint.
837 635 988 679 Ecotra
997 629 1287 700 quorumdam
1298 626 1506 676 habitudo
1518 629 1576 677 est
1587 628 1817 678 secundum
1828 631 2146 681 multitudinem

495 717 545 747 ac
565 698 821 747 diuifionem
842 697 1054 764 quandam
1065 730 1079 750 ‚
1087 710 1134 744 vt
1145 693 1364 762 ina-qualia
1379 731 1394 750 ,
1406 691 1613 743 diffimilia
1625 731 1639 755 ,
1649 693 1884 746 differentia
1890 695 1958 746 stu
1972 699 2144 748 diuersa.

494 769 664 814 Tertius
677 763 951 812 relatiuorum
962 762 1115 811 modus
1127 759 1197 810 ille
1210 762 1270 809 est
1278 778 1406 828 atque
1417 766 1524 810 inter
1535 778 1597 820 ea,
1607 766 1651 809 in
1662 763 1815 829 quibus
1827 782 1878 812 ex
1887 780 1970 812 vna
1979 763 2149 813 tantum

494 849 615 898 parte
622 832 680 879 est
690 830 897 878 habitudo
911 829 1141 877 secundum
1153 845 1241 876 rem
1254 863 1267 886 ,
1280 846 1330 874 ex
1343 826 1468 876 altera
1487 825 1587 876 vero
1598 843 1713 895 parte
1732 828 1942 879 habitudo
1964 849 2053 880 non
2076 834 2148 888 est,

494 916 635 965 neque
649 897 760 944 ordo
773 894 879 944 vllus
888 894 1109 963 respondet
1123 892 1201 941 nisi
1213 894 1441 944 secundum
1455 899 1662 942 rationem
1672 895 1860 942 nostram
1870 894 2149 964 nostrumque

492 961 756 1030 intelligendi
769 962 951 1010 modum
964 998 973 1009 .
989 958 1232 1008 huiusmodi
1250 958 1350 1008 νει-ὸ
1362 958 1533 1007 relatiua
1543 960 1740 1008 dicuntur
1751 961 1791 1009 se
1800 959 1954 1010 hzbete
1973 978 2020 1011 vt
2033 982 2150 1011 men-

491 1029 586 1078 suta
599 1038 642 1078 &
655 1028 1054 1075 mensuratumtnam
1066 1025 1350 1074 mensuratum
1371 1030 1621 1092 inquantum
1642 1025 1888 1076 huiusmodi
1904 1027 2150 1078 habitude
2174 1025 2204 1067 F

494 1095 751 1144 acor-dinem
763 1093 889 1141 habet
898 1093 953 1140 ad
963 1092 1199 1140 mensuram
1213 1091 1460 1139 suitecontra
1469 1090 1572 1140 vero
1583 1092 1782 1141 mensura:
1792 1094 1846 1141 ad
1858 1095 2094 1143 mensuram
2108 1114 2152 1144 re

493 1159 609 1209 nulla
621 1161 677 1209 est
689 1157 980 1216 habitudcgsed
990 1157 1021 1205 si
1033 1157 1157 1207 faerit
1168 1156 1382 1225 aliquanest
1392 1158 1594 1206 seci'idum
1606 1163 1814 1207 rationem
1824 1160 2149 1210 nostram.huius

494 1231 554 1274 rei
566 1224 757 1292 exempla
767 1225 999 1292 frequentia
1009 1223 1133 1271 nobis
1147 1239 1376 1272 occurrunt
1386 1224 1582 1290 quotidie
1598 1229 1641 1272 in
1652 1223 1731 1272 hac
1743 1225 1856 1273 ciuili
1866 1230 2013 1286 vita‚vt
2021 1233 2152 1276 omit-

498 1311 586 1341 tam
599 1297 768 1340 interim
780 1308 919 1338 rerum
931 1306 1120 1339 naturam
1128 1322 1139 1336 .
1173 1294 1217 1336 Si
1229 1294 1322 1357 quis
1337 1295 1450 1337 enim
1471 1295 1634 1356 Regem
1647 1295 1875 1340 comitatur
1884 1330 1898 1351 ,
1910 1297 1942 1340 is
1953 1294 2153 1361 equidem

497 1377 642 1407 comes
655 1359 714 1406 est
723 1362 996 1423 Regis,atque
1007 1354 1213 1404 habitudo
1230 1354 1356 1422 ipsius
1367 1357 1420 1403 ad
1434 1361 1598 1422 Regem
1610 1358 1668 1404 est
1679 1357 1910 1406 secundum
1921 1377 2153 1408 remtecon-

496 1442 558 1473 tra
570 1422 673 1471 vero
687 1422 717 1470 fi
732 1424 919 1470 dicamus
934 1426 1097 1488 Regem
1107 1426 1262 1488 priuati
1281 1426 1485 1469 comitem
1498 1422 1577 1469 effe
1587 1458 1600 1480 ,
1613 1428 1690 1490 qui
1702 1422 1830 1486 officij
1844 1430 1975 1490 gratia
1985 1429 2153 1492 Regem

499 1491 638 1538 domo
664 1490 835 1537 deducit
846 1525 859 1545 ‚
869 1487 957 1535 haec
967 1493 1115 1554 vtique
1127 1486 1335 1535 habitudo
1347 1488 1415 1535 seu
1428 1486 1576 1536 relatio
1589 1493 1714 1555 Regis
1727 1490 1779 1536 ad
1791 1494 2004 1556 priuatum
2015 1497 2153 1540 comi-

496 1574 585 1605 tem
599 1558 657 1602 ηὸ
671 1556 729 1602 est
740 1553 815 1602 nifi
827 1551 1055 1601 secundum
1077 1551 1387 1601 rationem.hoc
1402 1558 1528 1620 paeto
1541 1570 1692 1602 caeterae
1702 1571 1765 1602 res
1776 1573 1925 1604 omnes
1936 1558 1976 1604 se
1996 1556 2152 1606 habent

499 1623 553 1670 ad
565 1627 711 1669 Deum
726 1625 941 1688 optimum
953 1644 963 1676 ·‚
977 1623 1181 1686 quoniam
1194 1618 1340 1667 relatio
1350 1637 1488 1666 rerum
1500 1621 1552 1668 ad
1579 1625 1756 1687 primam
1769 1620 1934 1669 causam
1944 1624 2002 1670 est
2010 1621 2152 1670 secun-

501 1689 607 1735 dum
621 1705 707 1734 rem
721 1706 731 1733 ι
745 1695 801 1734 At
814 1685 959 1733 relatio
972 1682 1145 1732 vicisfim
1157 1690 1302 1752 prirnae
1314 1685 1440 1733 causae
1460 1686 1513 1732 ad
1525 1704 1586 1733 res
1608 1684 1704 1733 alias
1719 1703 1810 1734 non
1830 1688 1888 1734 est
1909 1686 1984 1735 nifi
2012 1688 2151 1737 secun*

499 1754 606 1802 dum
626 1760 831 1800 rationem
848 1789 857 1800 .
873 1769 949 1798 nec
969 1766 1111 1798 tamen
1133 1769 1209 1816 pro
1241 1767 1350 1798 terea
1377 1752 1700 1799 concedendum
1721 1753 1780 1800 est
1802 1758 1948 1800 Deum
1962 1754 2038 1801 effe
2052 1773 2150 1802 cau·
2174 1750 2214 1794 G

499 1819 588 1867 ssim
599 1837 737 1867 rerum
750 1834 821 1866 aut
833 1818 1061 1865 dominum
1075 1817 1133 1863 ηδ
1143 1834 1185 1863 te
1214 1817 1267 1864 ed
1279 1821 1440 1864 ratione
1452 1818 1601 1874 nostra.
1616 1821 1736 1865 Nam
1746 1835 1789 1865 re
1800 1819 1974 1886 quidem
1986 1821 2044 1867 est
2056 1839 2152 1868 cau-

500 1884 541 1933 sa
552 1903 601 1933 ac
614 1885 811 1932 dominus
827 1909 838 1942 ;
851 1887 952 1950 quia
963 1901 1005 1930 te
1025 1886 1226 1930 terminus
1240 1882 1416 1948 quidam
1428 1883 1486 1929 est
1498 1881 1752 1931 habitudinis
1764 1902 1812 1931 ac
1833 1883 2042 1933 relationis
2055 1885 2153 1935 alia-

501 1969 601 1998 rum
611 1968 749 1998 retum
763 1950 815 1998 ad
827 1947 1100 2016 ipsum:ficuti
1110 1952 1223 1995 enim
1236 1964 1380 1995 caetera
1400 1966 1442 1995 re
1453 1946 1608 1996 habent
1620 1949 1672 1996 ad
1684 1954 1827 1996 Deum
1848 1948 2151 2010 habitudinem

500 2022 558 2064 ita
573 2020 699 2064 etiam
711 2034 754 2063 re
765 2033 854 2062 non
865 2019 1025 2062 ratione
1038 2019 1155 2062 Deus
1181 2014 1241 2061 est
1251 2012 1358 2061 illius
1380 2012 1635 2061 habitudinis
1647 2020 1863 2075 terminus,
1873 2034 1922 2065 ac
1934 2034 2152 2085 propterea

502 2100 548 2130 re
559 2082 707 2129 domin
715 2099 759 2128 us
771 2081 829 2128 est
843 2089 887 2128 &
902 2080 1019 2128 causa
1031 2084 1229 2127 omnium
1244 2117 1252 2127 .
1268 2077 1406 2142 Qd
1417 2079 1448 2129 fi
1466 2079 1575 2128 hisce
1582 2082 1827 2129 nominibus
1839 2081 2014 2130 velimus
2029 2084 2152 2150 figni-

502 2148 627 2195 ficare
642 2146 935 2195 habitudinem
949 2151 1033 2194 Dei
1043 2146 1095 2193 ad
1107 2163 1170 2193 res
1182 2145 1278 2193 alias
1290 2182 1302 2204 ,
1314 2163 1445 2212 quam
1457 2163 1535 2193 nos
1557 2151 1680 2194 conci
1711 2152 1820 2194 imus
1834 2157 1878 2195 &
1890 2166 2019 2214 quam
2032 2168 2152 2196 more

501 2212 639 2261 aliorfi
650 2211 877 2260 relatiuorii
887 2211 1129 2279 adaptamus
1142 2216 1280 2284 Brimo
1293 2216 1422 2278 princi
1454 2216 1666 2280 i03vtique
1678 2164 1766 2261 ξεί
1776 2231 1865 2260 non
1876 2219 1952 2262 erit
1964 2216 2148 2264 stcundfi

504 2278 679 2336 rem,sed
695 2282 857 2326 ratione
869 2278 1007 2325 nostra
1021 2279 1219 2344 appolita.
1238 2230 1466 2344 quomocfo
1482 2283 1606 2325 etiam
1618 2279 1754 2326 dicere
1764 2281 1972 2346 possemus
1986 2285 2151 2347 Regem

507 2350 715 2392 comitem
727 2347 805 2392 effe
819 2343 999 2410 cuiuspii
1013 2347 1284 2408 priuatiEcce
1295 2361 1396 2409 ergo
1410 2361 1598 2410 quonam
1612 2349 1736 2410 pacto
1752 2349 1794 2392 in
1815 2343 1902 2393 hoc
1920 2351 2044 2393 tertio
2056 2365 2151 2393 mo-

509 2413 568 2457 do
585 2409 861 2457 relatiuotum
873 2427 959 2456 non
971 2411 1029 2457 est
1041 2407 1187 2456 relatio
1197 2409 1426 2456 secundum
1436 2426 1540 2468 rem,
1552 2427 1824 2477 praeterquam
1836 2430 1886 2458 ex
1894 2429 1974 2460 vna
1986 2409 2150 2460 tantum

511 2493 695 2543 partc,cx
707 2473 831 2523 altera
843 2472 943 2523 vero
955 2473 1129 2523 viciffim
1141 2494 1230 2522 non
1244 2475 1463 2542 respondet
1474 2475 1618 2523 relatio
1630 2475 1702 2523 nisi
1718 2481 1970 2525 rationis.Eis
1982 2476 2098 2535 vero,
2108 2484 2152 2526 in
2190 2464 2238 2508 H

509 2542 661 2608 quibus
679 2559 765 2587 non
779 2542 837 2588 est
848 2540 1053 2608 quispiam
1065 2542 1175 2588 ordo
1187 2560 1326 2608 neque
1336 2541 1474 2607 aliqua
1484 2541 1690 2590 habitudo
1704 2543 1930 2599 secundum
1943 2542 2078 2602 rem‚fi
2090 2562 2151 2591 re-

515 2606 689 2654 lationes
703 2605 1135 2672 affingantur,rationis
1151 2625 1257 2674 opus
1272 2612 1358 2655 erit.
1372 2606 1556 2656 [imiliter
1568 2606 1598 2655 si
1612 2614 1702 2675 quis
1716 2609 1892 2655 eandem
1902 2627 1990 2656 rem
2003 2628 2151 2658 conce-

513 2678 618 2738 perit
643 2673 811 2719 duobus
825 2673 964 2719 modis
977 2709 991 2729 ,
1003 2690 1049 2719 ac
1061 2691 1113 2720 eo
1133 2677 1259 2740 pasto
1282 2673 1468 2721 videatur
1488 2674 1672 2721 eiusdem
1692 2674 1744 2721 ad
1755 2676 1794 2721 se
1806 2673 2048 2724 relationem
2062 2677 2150 2733 effe;

511 2737 621 2785 certe
631 2757 717 2785 non
731 2743 805 2784 erit
819 2736 889 2784 nifi
903 2737 1130 2784 stcundum
1145 2745 1350 2787 rationem
1363 2741 1568 2787 nostram:
1584 2745 1682 2805 quia
1690 2738 1896 2788 habitudo
1908 2778 1920 2800 ‚
1932 2760 2024 2806 quae
2036 2760 2076 2788 re
2088 2741 2150 2794 fit,

515 2807 688 2870 requirit
701 2808 869 2861 ea.‚iuter
880 2802 1027 2869 quaefit
1039 2803 1248 2852 habitudo
1260 2838 1272 2859 ‚
1284 2805 1362 2851 effe
1384 2809 1506 2852 etiam
1518 2823 1562 2852 re
1573 2807 1760 2853 distineta
1774 2845 1782 2855 .
1798 2806 1916 2856 Illam
1928 2804 2028 2854 vero
2040 2825 2151 2874 quae-

512 2870 691 2916 stionem
707 2906 719 2927 ,
735 2887 785 2916 an
801 2866 951 2916 scilicet
965 2869 1105 2916 relatio
1119 2875 1161 2917 in
1185 2888 1240 2927 re,
1254 2888 1346 2937 quae
1362 2870 1526 2918 relatiue
1538 2871 1754 2928 dicitur‚ali
1789 2872 1862 2920 uid
1872 2873 1998 2921 addat
2008 2890 2150 2940 praeter

509 2935 834 2982 fundamentum
847 2934 1119 2983 relationisz&
1132 2934 1161 2983 fi
1173 2955 1262 2984 non
1274 2937 1414 2992 addat.
1430 2938 1576 3004 quoni
1586 2942 1710 3004 pasto
1732 2892 1876 2986 tielatio
1888 2940 1940 2987 ab
1952 2938 2038 2986 aliis
2051 2957 2150 3005 prae-

511 3001 753 3049 dicamentis
767 3001 1037 3068 distinguatur
1047 3039 1059 3060 ,
1073 3019 1183 3051 nunc
1195 3003 1482 3052 omittendum
1506 3002 1719 3055 reorzinfrzi
1749 3006 1914 3054 fortaffe
1932 3005 2146 3052 nonnulla.
