2455 3671
502 266 877 344 LIBER
931 266 1623 350 SECVNDVS·
1944 310 2030 376 27

200 399 248 445 A
272 385 385 430 nutis
399 378 653 446 corporibus
665 381 912 446 compadtus
923 414 937 436 ,
950 393 998 427 vt
1008 395 1158 427 eorum
1170 378 1332 451 singula
1352 380 1591 430 efficiantur
1599 379 1729 432 veluti
1752 379 1930 451 specula

271 463 368 514 quae
385 443 582 494 colorem
600 460 767 493 tantum
788 444 942 509 syderis
968 443 1147 495 referant
1166 481 1182 502 ,
1214 452 1324 495 circa
1377 447 1466 496 uod
1484 448 1608 508 sunt3
1629 449 1808 514 figuram
1830 450 1935 499 vero

270 526 482 580 nequeant
501 509 654 560 referre
673 510 734 558 ob
755 514 1025 576 exiguitatem
1045 531 1057 559 z
1079 527 1182 560 tunc
1203 518 1314 561 eirca
1332 517 1348 560 i
1396 513 1521 579 sydus
1542 532 1636 562 area
1657 516 1933 582 conspicitur:

272 584 390 628 cuius
407 577 552 644 figurae
572 580 678 624 ratio
697 581 742 624 in
758 579 965 624 Meteon-is
983 577 1037 624 ab
1056 577 1283 627 Aristotele
1305 597 1356 626 ex
1378 578 1740 648 propositionibus
1768 581 1935 631 mathe-

269 648 432 693 maticis
456 643 515 691 est
534 638 756 708 explicata.
777 639 915 702 Qd
936 640 969 690 fi
982 644 1156 716 quando
1177 649 1236 693 ita
1260 644 1382 693 fiierit
1404 650 1654 714 compaCtus
1676 652 1746 695 aet
1766 647 1934 697 exhala-

270 708 388 759 tiove
407 746 422 768 ‚
435 725 482 758 vt
505 712 676 756 interius
694 705 817 756 valde
839 726 973 776 opaca
995 713 1045 758 ht
1063 745 1077 765 ,
1099 715 1274 759 exterius
1296 709 1398 759 vero
1421 712 1630 779 diaphana
1653 722 1696 761 &
1720 713 1833 763 laeuis
1856 750 1870 770 ,
1889 733 1935 763 a·

270 774 442 844 deoque
461 772 584 824 fimul
605 777 755 822 comita
777 789 847 829 ,vt
865 773 1092 841 non-plura
1112 774 1276 842 specula
1299 775 1534 826 efficiantur
1554 815 1569 836 ,
1590 780 1660 827 sed
1685 797 1818 828 vnum
1842 798 1934 842 tan-

271 846 608 891 tumenimirum
626 838 842 907 speculum
861 838 968 889 illud
991 849 1035 888 &
1058 841 1253 891 colorem
1278 851 1321 891 δε
1343 843 1523 909 figuram
1544 844 1699 910 syderis
1718 846 1844 895 refert
1859 884 1868 895 .
1882 865 1932 895 ea

267 924 442 978 propter
460 907 733 974 inspiciuntur
753 906 927 1019 qkijiando
961 924 1014 954 ue
1035 905 1174 973 plures
1197 906 1328 967 soles,
1377 914 1512 958 emini
1532 915 1708 978 inquam
1722 910 1929 968 ,ternivez

271 977 395 1042 quod
414 975 698 1042 saepenumero
720 970 775 1019 ha
807 976 917 1019 itum
957 973 1055 1020 uiffe
1065 978 1107 1020 in
1127 975 1330 1041 prodigiis
1387 977 1542 1024 istorici
1558 976 1762 1027 referunt.
1778 980 1930 1027 Nubes

183 1063 220 1107 B
269 1042 374 1091 vero
397 1040 519 1107 plena
533 1055 629 1087 rore
648 1039 743 1106 post
762 1038 943 1086 imbrem
967 1037 1202 1106 plerunque
1223 1039 1304 1088 soli
1326 1041 1496 1089 obieeta
1513 1047 1610 1091 irim
1636 1041 1734 1092 facit
1752 1050 1796 1092 in
1810 1044 1932 1092 stmi-

271 1106 417 1157 circuli
436 1104 795 1174 speciem,figurae
816 1109 923 1152 ratio
945 1124 995 1152 ex
1007 1110 1274 1171 geometricis
1297 1106 1658 1175 propositionibus
1679 1108 1770 1158 fuse
1792 1111 1932 1159 osten-

271 1176 462 1230 dit-ur,vt
482 1174 537 1220 ab
549 1169 773 1220 Aristotele
791 1174 835 1218 in
846 1174 1047 1219 Meteoris
1061 1209 1071 1219 .
1086 1177 1227 1238 Virgae
1238 1171 1332 1221 sunt
1351 1172 1484 1222 veluti
1504 1174 1762 1241 imperfectae
1784 1178 1927 1226 Irides.

270 1244 543 1306 Haec,atque
561 1237 685 1286 huius
705 1241 863 1303 generis
876 1274 889 1296 ‚
903 1235 934 1284 s1
947 1255 1031 1304 qua
1053 1237 1131 1285 alia
1142 1237 1260 1292 sunt,
1272 1239 1450 1306 speciem
1460 1255 1626 1290 tantum
1652 1242 1868 1308 quandam
1878 1261 1931 1290 o-

271 1306 374 1359 culis
398 1306 635 1353 obiiciunt:
658 1302 809 1351 nullibi
837 1319 978 1351 tamen
1000 1301 1252 1352 consistunt.
1280 1309 1339 1352 Ea
1359 1303 1462 1354 vero
1483 1342 1498 1364 ,
1518 1325 1612 1372 quae
1645 1323 1928 1376 praeterquam

304 1369 392 1420 uod
414 1371 539 1418 nobis
571 1383 765 1438 apparent
784 1405 798 1426 ,
823 1370 1013 1416 constant
1034 1374 1159 1417 etiam
1178 1374 1221 1417 in
1244 1373 1287 1418 su
1321 1376 1444 1419 ctiori
1466 1373 1642 1445 quidem
1665 1378 1768 1421 airis
1796 1391 1926 1441 parte,

268 1391 363 1487 Ruit
384 1435 508 1485 stellae
518 1451 725 1485 currentes
739 1442 969 1502 :quae'tunc
979 1435 1223 1489 fiunt,cum
1244 1389 1452 1486 exbalatio
1474 1441 1581 1486 sicca
1591 1440 1746 1487 vstioni
1766 1457 1862 1506 apta
1874 1438 1927 1487 εὸ

321 1508 481 1560 ruenit‚
494 1512 537 1551 δι
557 1502 582 1550 ai
596 1506 797 1567 vertigine
817 1501 1051 1549 incenditur
1063 1538 1073 1550 .
1088 1502 1302 1550 interdum
1324 1521 1502 1570 quoque
1521 1503 1586 1552 hae
1597 1521 1804 1552 currentes
1830 1506 1929 1554 stel-

267 1523 320 1618 l:
332 1571 443 1619 fiunt
459 1574 505 1617 in
524 1583 638 1636 parte
655 1572 758 1615 ae'ris
781 1565 999 1624 inferiore,
1015 1585 1117 1615 cum
1141 1566 1350 1616 exhalatio
1372 1569 1487 1618 arida
1507 1568 1666 1617 inclusa
1685 1576 1834 1638 vapori
1854 1570 1928 1619 fri·-

267 1637 425 1703 gidoin
443 1633 687 1684 inferiorern
706 1631 857 1681 locum
877 1636 1144 1699 exprimitur,
1157 1634 1215 1680 ob
1227 1634 1274 1681 id
1294 1634 1414 1700 quod
1426 1653 1556 1702 vapor
1576 1639 1620 1682 in
1644 1634 1844 1703 superiori
1862 1639 1927 1685 sui

267 1718 384 1770 parte
401 1703 717 1768 constringitur,
737 1695 877 1766 fitque
897 1698 1003 1747 infra
1022 1700 1063 1746 se
1085 1704 1278 1767 exprimit
1301 1698 1610 1749 exhalationem
1638 1719 1770 1769 quam
1788 1708 1926 1751 conti-

191 1782 234 1825 (ζ
266 1768 551 1836 net.expressa
569 1765 724 1825 haec‚fi
745 1765 1051 1815 vehementiori
1073 1782 1197 1813 motu
1219 1764 1372 1814 feratur
1391 1800 1406 1820 ‚
1424 1772 1570 1848 ignem
1591 1773 1776 1835 concipit
1790 1805 1802 1824 ‚
1823 1767 1922 1816 stel-

270 1834 404 1901 laec'Jue
425 1834 607 1883 cadentis
619 1834 797 1901 speciem
807 1831 929 1880 refert
941 1870 951 1879 .
975 1835 1033 1879 At
1043 1831 1175 1878 nubes
1197 1830 1322 1880 densa
1341 1830 1547 1901 valdeque
1560 1852 1692 1900 opaca
1716 1832 1849 1901 posita
1861 1833 1922 1883 se-

267 1919 342 1950 cus
360 1899 611 1949 lucidiorem
631 1899 793 1947 nubem
810 1897 961 1946 lumini
981 1903 1167 1965 peruiam
1185 1934 1199 1953 ,
1219 1902 1450 1964 imaginem
1472 1900 1687 1966 quandam
1710 1901 1835 1948 nobis
1860 1919 1925 1948 re-

266 1967 346 2015 fert
363 1965 499 2015 hiatus
513 1976 557 2014 δε
579 1967 742 2034 specus.
765 1969 941 2012 Namvt
951 1963 1177 2011 ostendunt
1199 1965 1637 2032 perspestiui,quanto
1652 1983 1831 2033 quaeque
1856 1984 1920 2014 res

266 2031 435 2099 longius
455 2030 531 2080 fita
549 2034 629 2085 est,
647 2047 766 2078 tanto
789 2035 921 2096 magis
943 2033 1117 2095 nigricat
1141 2038 1185 2077 δε
1207 2030 1262 2077 ad
1280 2035 1533 2097 opacitatem
1552 2028 1685 2080 tendit
1698 2068 1708 2079 .
1736 2036 1920 2088 Etenim,

267 2116 366 2147 curn
375 2099 482 2146 visus
501 2097 677 2146 deficere
694 2101 861 2162 incipit,
875 2098 1073 2161 cuiusque
1083 2101 1143 2144 rei
1161 2093 1284 2143 color
1294 2096 1458 2143 videtur
1478 2114 1646 2163 vergere
1668 2097 1722 2145 ad
1734 2103 1922 2165 opacita-

266 2180 355 2214 tem
367 2173 411 2214 &
433 2164 619 2213 tenebras
633 2200 643 2211 .
667 2168 775 2225 Q
787 2162 833 2210 fit
855 2179 899 2210 vt
911 2159 1089 2210 viciffim
1111 2159 1258 2209 contra
1277 2179 1366 2209 rem
1384 2179 1625 2211 commeare
1634 2162 1744 2212 visus
1756 2170 1924 2212 acima-

264 2235 425 2296 ginatio
447 2230 603 2279 iudicet
623 2249 634 2276 ε
660 2245 705 2278 vt
727 2227 879 2277 scilicet
901 2247 987 2286 res,
1031 2245 1181 2276 uarum
1203 2229 1355 2294 species
1377 2233 1537 2295 nigrior
1560 2226 1812 2296 fit,longius
1836 2227 1922 2278 fitae

266 2296 368 2355 fint,
380 2295 634 2363 interiusque
651 2295 869 2344 recedant.
893 2247 1033 2355 Qid
1051 2298 1231 2361 pistores
1244 2298 1394 2342 imitati
1416 2294 1638 2342 ludificant
1656 2294 1808 2342 oculos
1832 2296 1921 2362 spe-

267 2367 495 2421 ctantium,
507 2362 593 2411 hoc
605 2367 648 2409 in
657 2365 827 2428 pisturis
841 2361 1016 2407 artificio
1035 2374 1197 2409 vtentes
1209 2397 1222 2415 ‚
1235 2357 1260 2406 εἰ
1279 2360 1544 2428 perspediuis
1568 2377 1766 2409 mutuato
1778 2399 1788 2409 .
1814 2365 1921 2410 Hia-

267 2444 333 2477 tus
357 2447 460 2496 ergo
471 2447 520 2476 ac
541 2429 695 2486 foueae,
709 2430 905 2494 quamuis
927 2443 1017 2473 non
1029 2424 1121 2473 sunt
1143 2431 1187 2474 in
1197 2431 1314 2484 a‘e're,
1328 2443 1372 2474 vt
1392 2427 1502 2474 visus
1516 2427 1594 2474 effe
1612 2442 1731 2493 putat
1744 2447 1754 2473 :
1768 2428 1846 2473 effe
1857 2442 1921 2474 ta-

193 2507 240 2552 D
268 2513 367 2544 men
385 2494 601 2553 videntur,
613 2509 781 2563 propter
803 2511 897 2542 earn
911 2509 1041 2560 quam
1053 2493 1234 2540 diximus
1259 2492 1423 2539 causam
1434 2531 1444 2542 .
1460 2494 1622 2540 constat
1636 2508 1774 2540 tamen
1793 2497 1837 2539 in
1849 2498 1921 2540 ae-

267 2580 311 2611 re
322 2562 453 2609 nubes
475 2558 546 2609 illa
557 2579 689 2627 opaca
701 2597 713 2618 ‚
727 2577 819 2626 quae
839 2558 1019 2625 speciem
1039 2558 1173 2606 hiatus
1187 2556 1332 2605 refert.
1344 2562 1492 2624 Itaque
1512 2557 1634 2605 stellae
1650 2574 1859 2606 currentes
1874 2567 1919 2606 &

267 2627 403 2676 hiatus
421 2626 490 2682 hi,
534 2632 696 2674 uamuis
721 2623 943 2674 consistant
955 2630 997 2671 in
1008 2630 1316 2681 aete-,attamen
1336 2623 1518 2671 maxime
1532 2640 1712 2690 cognata
1726 2622 1817 2671 sunt
1835 2622 1917 2682 his,

268 2712 362 2761 quae
383 2646 689 2760 suprzidiximus
711 2709 902 2758 apparere
913 2706 1103 2745 tantum,
1119 2699 1161 2738 &c
1175 2708 1264 2737 non
1274 2688 1519 2738 consistere:
1535 2694 1741 2756 quoniam
1758 2708 1846 2737 non
1860 2690 1918 2737 se-

269 2760 459 2808 cundum
477 2777 571 2808 earn
587 2760 763 2827 speciem
785 2755 1037 2814 consistunt,
1049 2763 1177 2823 quar'n
1199 2754 1382 2803 referunt
1399 2794 1408 2803 .
1424 2752 1589 2803 Eavero
1603 2772 1696 2822 quae
1709 2754 1803 2803 vere
1816 2774 1919 2803 con·

269 2824 414 2874 fistunt
433 2829 476 2872 in
498 2830 589 2872 aete
603 2843 766 2892 ‚neque
785 2822 935 2870 oculos
957 2820 1288 2878 deludunt,sdnt
1308 2822 1438 2869 nubes
1463 2856 1476 2875 ,
1494 2820 1668 2888 pluuiae‚
1680 2822 1918 2886 grandines,

269 2896 489 2948 rores,nix
507 2927 521 2949 ,
545 2895 715 2958 pruina.
730 2889 929 2945 fulmina,
942 2904 1169 2938 ventorum
1189 2894 1252 2936 im
1282 2903 1372 2935 etus
1392 2925 1408 2945 ,
1428 2883 1720 2954 nonnullz'tque
1740 2885 1816 2934 alia
1836 2886 1921 2935 hu-

270 2955 380 3005 iuste
397 2961 577 3023 generis.
599 2956 756 3004 horum
777 2960 971 3003 omnium
991 2954 1111 3002 causa
1131 2955 1189 3001 est
1207 2906 1414 3002 exbalatio
1436 2951 1592 3021 duplex
1612 2975 1622 3002 ι
1649 2951 1774 3000 altera
1796 2950 1918 3008 ficca,

271 3020 398 3071 altera
417 3020 593 3070 humida
605 3061 615 3072 .
628 3026 741 3092 prior
763 3021 785 3068 ὲ
805 3038 909 3070 terra
925 3057 939 3079 ,
953 3018 1157 3087 posterior
1177 3021 1230 3069 ab
1252 3037 1361 3086 aqua
1381 3055 1394 3075 ,
1414 3018 1639 3087 aqu-eisque
1660 3018 1762 3066 locis
1786 3017 1919 3066 resol-

274 3093 385 3139 uitur
403 3093 446 3139 vi
468 3086 565 3138 solis
589 3098 634 3139 &
663 3087 883 3155 syderum.
905 3104 999 3156 quae
1023 3091 1218 3155 quamuis
1246 3084 1408 3155 scmper
1434 3092 1574 3135 mixtae
1604 3089 1788 3199 inucipern
1817 3082 1918 3143 finr;

1739 3169 1766 3213 ¹1
