2455 3671
828 266 1381 339 LvTHER1-
1992 304 2096 374 573

243 368 286 414 Α
311 370 527 436 utriusque
544 369 739 417 iniustitia
761 376 805 416 δε
825 373 1019 436 iniquitas
1041 370 1100 418 est
1109 386 1220 437 ,qnae
1240 386 1408 437 poenam
1419 367 1489 418 seu
1511 367 1715 420 mulctam
1725 385 1878 440 ,quatu
1896 370 1965 423 lex

310 438 427 486 iubet
437 472 452 495 ,
463 436 516 484 ad
526 439 760 502 aequitatem
773 435 933 484 reducit
944 473 954 483 .
969 438 1097 483 Sicuti
1107 434 1210 502 ergo
1219 433 1449 484 homicidae
1456 469 1472 490 ,
1481 440 1581 503 quia
1590 453 1736 487 contra
1747 436 1886 505 legem
1897 439 1965 488 di·

311 509 453 551 uiuam
465 507 547 568 egit
557 537 571 556 ,
585 501 732 549 statuta
739 498 899 548 mulcta
911 500 991 558 est,
1001 505 1058 548 ita
1067 505 1195 549 etiam
1206 501 1355 550 statuta
1367 501 1425 549 est
1435 506 1474 549 ei
1483 518 1608 569 poena
1617 535 1632 562 ,
1643 508 1742 571 quia
1752 510 1838 571 egit
1858 522 1963 554 con-

310 585 374 617 tra
383 567 520 634 legem
529 582 698 624 naturae;
711 574 754 615 δε
767 563 904 614 adbuc
917 565 1075 614 mulcta
1084 565 1163 615 alia
1173 567 1321 615 statuta
1329 603 1344 626 ,
1388 571 1455 615 uia
1465 572 1550 634 egit
1559 585 1707 617 contra
1716 566 1854 636 legem
1865 574 1963 619 ciui-

310 633 396 683 lem
408 670 419 682 .
433 632 816 694 Qmadmodum
827 650 928 698 ergo
939 650 1027 679 non
1036 632 1096 680 est
1120 632 1351 681 dicendum
1404 634 1635 683 omicidam
1646 670 1661 691 ,
1672 639 1748 702 qui
1757 642 1964 686 contritus

312 700 370 747 est
379 735 393 757 ,
407 707 450 747 &
462 700 487 747 εὶ
496 698 717 746 Sacerdote
725 696 938 746 absolutus
949 731 963 752 ‚
982 715 1032 746 ac
1052 713 1270 765 propterea
1289 703 1391 747 Deo
1403 698 1692 749 reconciliatus
1703 737 1716 759 ,
1728 719 1865 768 neque
1882 702 1964 750 ob-

311 769 463 813 noxius
474 762 651 831 amplius
663 762 860 831 gehennae
869 800 883 822 ,
895 761 1142 812 absolutum
1153 768 1280 812 etiam
1292 766 1372 813 effe
1381 761 1407 812 a
1415 783 1556 832 poena,
1565 782 1695 835 quam
1704 766 1822 816 iubet
1830 767 1896 817 lex
1907 772 1967 816 ci-

313 830 406 879 uilis
417 866 431 889 ,
443 848 579 897 neque
587 830 737 878 debere
748 834 903 878 ciuitati
915 846 1057 897 poenas
1067 827 1290 891 homicidii
1299 836 1518 898 perpetrati
1528 832 1639 889 dare,
1650 837 1851 899 quoniam
1864 838 1964 883 Deo

312 894 625 955 reconciliatus,
637 914 773 962 neque
793 894 971 962 amplius
983 913 1073 943 reus
1088 901 1227 945 eterni
1246 895 1431 964 supplicii
1443 927 1456 943 0
1469 901 1538 945 Sic
1556 901 1682 945 etiam
1701 911 1790 945 non
1812 899 1870 947 est
1893 918 1967 948 ne-

316 962 501 1029 gaudum
512 961 567 1010 hu
573 980 623 1010 nc
632 961 893 1010 homicidam
905 964 1005 1010 Deo
1017 959 1284 1011 reconciliatu
1290 979 1562 1019 ngremanere
1571 961 1709 1012 adhuc
1721 964 1962 1017 obnoxium

248 1042 284 1085 Β
316 1046 449 1096 poenae
459 1065 473 1083 ,
485 1046 576 1096 quae
599 1033 638 1075 ei
658 1026 808 1076 luenda
820 1028 877 1075 est
887 1061 902 1082 ,
911 1027 1035 1094 quod
1103 1032 1180 1076 erit
1200 1042 1348 1076 contra
1357 1028 1552 1076 ordinem
1573 1033 1744 1077 rationis
1767 1038 1810 1078 &
1826 1029 1966 1096 legem

314 1094 542 1144 naturalem
556 1131 566 1142 .
583 1098 633 1142 Et
652 1093 709 1142 fic
728 1095 786 1141 est
803 1093 1062 1141 inordinatai
1131 1091 1358 1141 conuerfio
1386 1094 1440 1142 ad
1460 1094 1626 1142 bonum
1645 1096 1968 1156 commutabile,

317 1178 447 1227 quam
469 1160 614 1208 dicunt
638 1160 767 1207 nostri
785 1157 1003 1224 Theologi
1023 1163 1274 1227 temporaria
1292 1176 1416 1226 poena
1436 1158 1677 1208 diluendam
1698 1162 1800 1219 effe,
1812 1166 1967 1229 cuique

315 1231 431 1274 aiunt
441 1224 760 1274 satisfactionem
773 1225 913 1273 deberi
923 1249 935 1282 ς
947 1223 1041 1272 Nisi
1053 1231 1146 1292 quis
1158 1242 1261 1291 ergo
1277 1224 1458 1274 voluerit
1480 1226 1559 1273 effe
1569 1230 1752 1293 pertinax
1765 1262 1779 1282 ,
1790 1243 1834 1275 vt
1856 1244 1968 1286 reor,

316 1289 435 1339 facile
445 1289 646 1357 intelliget
656 1327 670 1349 ,
678 1290 764 1339 haec
775 1308 867 1357 quae
879 1291 931 1338 de
941 1291 1031 1339 satis
1037 1289 1219 1339 Fastione
1239 1289 1452 1339 dictasunt
1462 1326 1474 1348 ‚
1487 1290 1671 1339 maxim&
1681 1293 1760 1340 effe
1785 1291 1896 1340 dieta
1907 1292 1967 1340 [e-

319 1357 507 1405 cundum
519 1362 725 1404 rationem
734 1355 960 1404 naturalem
971 1393 986 1414 ,
995 1356 1199 1423 Idemque
1209 1356 1522 1424 propemodum
1536 1358 1614 1404 effe
1623 1393 1636 1412 ,
1647 1356 1678 1405 si
1691 1362 1783 1425 quis
1796 1358 1910 1406 dicat
1928 1364 1967 1407 ei

319 1427 393 1492 qui
407 1421 691 1470 reconciliatus
705 1422 755 1470 fit
767 1426 881 1479 Deo,
891 1426 1043 1488 cuique
1053 1439 1141 1469 non
1152 1426 1382 1488 imputetur
1392 1420 1568 1490 amplius
1582 1423 1703 1488 quod
1713 1428 1842 1488 egerit
1860 1442 1970 1472 con-t

317 1505 381 1536 tra
395 1486 529 1554 legem
539 1488 725 1536 diuinam
739 1524 753 1545 ‚
765 1486 921 1535 nullam
941 1486 1119 1554 amplius
1141 1504 1311 1554 poenam
1334 1487 1475 1536 deberi
1486 1524 1500 1544 ,
1522 1492 1620 1554 quia
1642 1489 1897 1553 transgressus
1908 1489 1968 1537 est

321 1552 461 1620 legem
473 1552 701 1603 naturalem
714 1590 726 1609 ,
737 1572 783 1601 ac
796 1552 825 1601 fi
837 1557 929 1620 quis
943 1553 1097 1602 diceret
1107 1589 1121 1609 ,
1130 1551 1287 1605 nullam
1300 1558 1425 1601 etiarn
1436 1570 1607 1619 pcenam
1619 1558 1657 1601 ei
1666 1554 1806 1601 deberi
1816 1552 1846 1601 fi
1860 1558 1967 1621 pari-

319 1636 383 1667 ter
393 1619 647 1685 transgreffus
655 1619 792 1667 firiffet
800 1618 935 1684 legem
945 1618 1179 1672 ciuilem,ac
1187 1618 1288 1666 ideo
1299 1619 1471 1666 iniustus
1488 1619 1613 1666 iudex
1622 1619 1844 1667 censendus
1856 1620 1966 1678 effet,

319 1689 395 1752 qui
405 1683 667 1734 homicidam
675 1690 757 1732 iam
771 1689 871 1732 Deo
883 1682 1197 1731 reconciliatum
1210 1682 1348 1750 aliqua
1360 1702 1482 1750 poena
1490 1682 1684 1741 afficeret,
1695 1686 1814 1752 quod
1826 1685 1969 1733 homi-

249 1777 291 1821 C
321 1750 479 1798 cidium
491 1750 977 1817 perpetraffet.Ha&enus
991 1754 1149 1797 tatione
1159 1747 1414 1815 disputatum
1425 1748 1488 1797 sit:
1499 1749 1586 1798 hoc
1597 1748 1698 1799 verb
1711 1768 1810 1798 com
1844 1752 1967 1799 roba-

321 1833 389 1863 tur
401 1815 597 1882 exemplis
609 1820 859 1864 SanCtorutn
871 1819 1065 1862 omnium
1077 1849 1093 1870 ,
1103 1818 1177 1882 qui
1189 1831 1266 1880 pro
1280 1820 1452 1881 peccatis
1464 1833 1558 1882 quae
1579 1815 1766 1864 fecerunt
1775 1852 1788 1874 ,
1804 1769 1842 1864 [Ξ
1853 1818 1964 1883 ipsos

322 1883 415 1929 sunt
425 1880 499 1930 vlti
509 1917 521 1939 ‚
533 1890 575 1930 &
585 1880 729 1948 sponte
740 1899 882 1949 poenas
893 1881 1177 1928 dederunt.Sic
1189 1883 1391 1928 Niniuitae
1399 1886 1562 1928 veniam
1575 1881 1887 1938 meruerunr,fic
1896 1899 1969 1930 rex

324 1947 519 1996 Ezechias
531 1984 543 2004 ,
555 1946 609 1994 fic
627 1948 768 1995 Dauid
777 1966 845 1994 rex
855 1972 867 2004 ς
879 1951 1052 1994 Ioannes
1076 1947 1254 2012 Baptista
1266 1944 1456 1993 hortatur
1466 1951 1508 1994 in
1522 1946 1749 2012 Euangelio
1762 1963 1806 1996 vt
1814 1948 1969 1995 faciant

325 2012 477 2078 dignos
489 2014 646 2060 fructus
659 2017 909 2079 poenitentiae
921 2049 931 2060 .
945 2015 1050 2059 Item
1063 2016 1105 2058 in
1118 2010 1346 2076 Euangelio
1360 2010 1546 2059 Christus
1565 2016 1703 2078 inquit
1712 2049 1726 2070 ‚
1736 2030 1788 2072 νς
1800 2013 1877 2061 tibi
1888 2017 1970 2060 Ca-

323 2078 555 2146 phar-naum
567 2114 580 2136 ,
591 2096 641 2137 νς
653 2079 730 2125 tibi
741 2077 931 2125 Corafim
943 2114 955 2135 ,
964 2081 1063 2144 quia
1075 2076 1106 2124 fi
1118 2082 1160 2124 in
1173 2075 1373 2123 Sodomis
1387 2085 1430 2124 &
1442 2081 1657 2125 Gomorra
1668 2076 1828 2126 fuiffent
1839 2084 1971 2127 virtu-

325 2159 389 2192 tes
399 2181 413 2202 ,
422 2161 514 2211 quae
526 2143 641 2192 [κᾶε
658 2146 750 2191 {unt
760 2149 803 2190 in
815 2160 856 2191 te
866 2179 879 2198 ,
889 2147 975 2191 Iam
989 2142 1151 2191 dudum
1163 2146 1206 2189 in
1218 2146 1354 2190 cincre
1366 2150 1410 2190 ὅτ.
1421 2141 1559 2190 cilicio
1572 2148 1857 2210 poenitentiam
1869 2163 1891 2191 e
1923 2145 1970 2191 is-

325 2208 432 2256 sent.
445 2214 547 2257 Item
559 2209 669 2276 apud
683 2207 899 2257 Danielem
909 2207 1120 2256 notiffima
1135 2208 1193 2257 est
1203 2211 1449 2265 auotoritas,
1461 2213 1633 2256 Peccata
1644 2225 1714 2256 tua
1732 2162 1968 2258 elemoiffiis

325 2274 495 2323 redime.
519 2274 653 2322 Multa
665 2292 854 2340 praeterea
866 2279 908 2321 in
917 2273 1023 2321 banc
1032 2272 1275 2321 stutentiam
1294 2272 1446 2321 adduci
1457 2275 1617 2340 poffent
1626 2310 1640 2332 ,
1653 2291 1746 2340 quae
1765 2292 1965 2342 praetereo

327 2340 425 2389 bteu
431 2344 517 2387 itari
527 2339 725 2407 praecipuc
737 2341 913 2388 student.

395 2412 539 2454 Sextus
560 2405 887 2454 Lutheranorum
909 2403 1101 2454 articulus
1114 2406 1171 2454 est
1183 2406 1514 2456 deinuocatioue
1528 2406 1766 2455 studiorum
1778 2442 1790 2464 ‚
1804 2424 1970 2454 eorum-

256 2493 301 2536 Ι)
327 2468 411 2537 clue
426 2470 767 2537 cultu2inquiunt
786 2477 921 2528 enim,
937 2468 1037 2519 crim
1059 2490 1107 2519 ex
1127 2472 1245 2520 iactis
1257 2471 1382 2520 literis
1404 2490 1506 2520 vnus
1519 2471 1568 2520 fit
1590 2474 1798 2520 Mediator
1822 2477 1970 2520 Dei&

327 2536 555 2584 hominum
577 2536 763 2584 Christus
791 2536 898 2586 Iesus
915 2561 925 2595 ;
947 2542 1021 2603 qui
1043 2542 1166 2585 etiam
1186 2573 1200 2595 ,
1222 2554 1268 2586 vt
1288 2542 1425 2605 inquit
1446 2536 1592 2586 Paulus
1604 2573 1617 2595 ,
1642 2535 1872 2604 interpellat
1892 2554 1971 2604 pro

329 2603 451 2650 nobis
469 2637 483 2656 ‚
503 2607 641 2651 Sanffl
665 2603 910 2651 mediatores
933 2603 1011 2650 effe
1031 2620 1117 2649 non
1141 2618 1360 2670 poterunt,
1384 2621 1520 2669 neque
1548 2608 1734 2651 inuocari
1754 2602 1906 2650 debent
1925 2618 1972 2651 vt

330 2684 451 2716 orent
475 2686 551 2734 pro
571 2670 693 2716 nobis
705 2694 715 2726 ;
728 2686 825 2716 nam
845 2674 969 2717 etiam
993 2672 1167 2716 Ioannes
1190 2674 1234 2716 in
1256 2668 1438 2736 Epistola
1460 2669 1530 2715 sua
1552 2673 1708 2734 inquit,
1722 2667 1842 2715 filioli
1862 2666 1972 2715 noli-

331 2750 373 2781 te
403 2751 571 2801 peccate
593 2771 607 2792 ,
627 2736 749 2801 quod
770 2734 799 2782 fi
821 2739 1127 2802 peccauerimus
1139 2770 1151 2792 ,
1172 2734 1444 2782 Aduocatum
1468 2733 1667 2781 habemus
1688 2733 1798 2799 apud
1827 2738 1972 2781 Deum

333 2799 467 2847 Iesum
489 2799 701 2847 Christum
711 2834 725 2853 ,
743 2805 819 2867 qui
837 2802 895 2847 est
913 2804 1153 2866 propitiatio
1171 2817 1250 2866 pro
1272 2804 1448 2867 peccatis
1470 2800 1614 2848 nostris
1626 2834 1636 2845 .
1647 2803 1753 2846 Haec
1776 2799 1971 2846 Luthera-

333 2868 375 2909 ni
389 2888 399 2920 ς
413 2870 487 2930 qui
507 2864 537 2912 fi
567 2881 717 2931 negant
751 2869 923 2913 SanCtos
957 2882 1077 2912 orare
1099 2883 1175 2931 pro
1197 2865 1322 2913 nobis
1332 2902 1346 2924 ,
1368 2882 1440 2914 aut
1460 2862 1808 2912 intercessionibus
1822 2882 1972 2912 eorum

333 2927 491 2976 nullam
511 2931 635 2978 nobis
663 2936 893 2996 comparari
919 2929 1137 2979 utilitatem
1149 2968 1163 2989 ,
1173 2948 1221 2979 ac
1245 2948 1460 2998 propterea
1480 2930 1740 2978 inuocandos
1762 2948 1848 2977 non
1879 2930 1974 2986 effe,

334 2994 613 3060 proculdubio
635 2994 811 3044 maxim&
833 3014 977 3045 errant.
997 2999 1115 3043 Nam
1127 3014 1225 3044 cum
1246 2998 1372 3044 fausti
1394 3001 1502 3044 ciues
1526 2995 1603 3044 fint
1624 3000 1800 3043 ciuitatis
1824 2999 1972 3053 Dei,3c

335 3059 489 3108 Christi
499 3063 687 3108 membra
699 3066 1029 3129 praecipua,cuius
1039 3079 1116 3109 nos
1135 3064 1215 3110 etia
1227 3063 1366 3111 sumus
1378 3067 1546 3117 ciues‚&
1559 3066 1704 3128 pariter
1721 3060 1876 3108 Christi
1886 3063 1976 3108 τηε-

335 3126 409 3174 bra
419 3144 467 3176 ac
479 3132 639 3194 egregia
649 3128 805 3194 praediti
825 3126 901 3176 sint
913 3126 1111 3177 charitate
1122 3145 1215 3194 erga
1226 3146 1320 3187 nos,
1334 3128 1648 3196 quis,ambigere
1666 3127 1802 3194 potest
1822 3163 1834 3181 ,
1855 3126 1974 3194 quod

1683 3198 1722 3242 c
1734 3197 1774 3241 c
1794 3196 1821 3256 ij
