<?xml version="1.0" encoding="UTF-8"?>
<!DOCTYPE html PUBLIC "-//W3C//DTD XHTML 1.0 Transitional//EN"
    "http://www.w3.org/TR/xhtml1/DTD/xhtml1-transitional.dtd">
<html xmlns="http://www.w3.org/1999/xhtml" xml:lang="en" lang="en">
 <head>
  <title>
</title>
<meta http-equiv="Content-Type" content="text/html;charset=utf-8" />
  <meta name='ocr-system' content='tesseract 3.04.00' />
  <meta name='ocr-capabilities' content='ocr_page ocr_carea ocr_par ocr_line ocrx_word'/>
</head>
<body>
  <div class='ocr_page' id='page_1' title='image "./opera00contgoog/opera00contgoog_0343.png"; bbox 0 0 2455 3671; ppageno 0'>
   <div class='ocr_carea' id='block_1_1' title="bbox 359 254 1790 358">
    <p class='ocr_par' dir='ltr' id='par_1_1' title="bbox 359 254 1790 358">
     <span class='ocr_line' id='line_1_1' title="bbox 359 254 1790 358; baseline 0.001 -33"><span class='ocrx_word' id='word_1_1' title='bbox 359 270 497 358; x_wconf 73' lang='lat'>293</span> <span class='ocrx_word' id='word_1_2' title='bbox 823 254 972 326; x_wconf 85' lang='lat' dir='ltr'>DE</span> <span class='ocrx_word' id='word_1_3' title='bbox 1037 254 1790 328; x_wconf 81' lang='lat' dir='ltr'>VENETORVM</span> 
     </span>
    </p>
   </div>
   <div class='ocr_carea' id='block_1_2' title="bbox 515 359 2244 3177">
    <p class='ocr_par' dir='ltr' id='par_1_2' title="bbox 515 359 2244 3177">
     <span class='ocr_line' id='line_1_2' title="bbox 515 359 2232 432; baseline -0.002 -20"><span class='ocrx_word' id='word_1_4' title='bbox 515 378 630 432; x_wconf 87' lang='lat' dir='ltr'>parte</span> <span class='ocrx_word' id='word_1_5' title='bbox 648 361 884 411; x_wconf 86' lang='lat' dir='ltr'>institutum</span> <span class='ocrx_word' id='word_1_6' title='bbox 894 361 919 410; x_wconf 65' lang='lat' dir='ltr'>a</span> <span class='ocrx_word' id='word_1_7' title='bbox 930 362 1053 410; x_wconf 84' lang='lat' dir='ltr'>nobis</span> <span class='ocrx_word' id='word_1_8' title='bbox 1075 379 1183 429; x_wconf 88' lang='lat' dir='ltr'>opus</span> <span class='ocrx_word' id='word_1_9' title='bbox 1193 360 1425 430; x_wconf 61' lang='lat' dir='ltr'>perfeetum</span> <span class='ocrx_word' id='word_1_10' title='bbox 1438 359 1488 410; x_wconf 86' lang='lat' dir='ltr'>fit</span> <span class='ocrx_word' id='word_1_11' title='bbox 1497 398 1510 419; x_wconf 91' lang='lat'>,</span> <span class='ocrx_word' id='word_1_12' title='bbox 1520 361 1574 410; x_wconf 87' lang='lat' dir='ltr'>de</span> <span class='ocrx_word' id='word_1_13' title='bbox 1584 359 1750 429; x_wconf 85' lang='lat' dir='ltr'>reliquis</span> <span class='ocrx_word' id='word_1_14' title='bbox 1762 374 1940 429; x_wconf 85' lang='lat' dir='ltr'>quoque</span> <span class='ocrx_word' id='word_1_15' title='bbox 2050 363 2060 375; x_wconf 84' lang='grc'><em>“</em></span> <span class='ocrx_word' id='word_1_16' title='bbox 2143 391 2165 401; x_wconf 85' lang='grc'>-</span> <span class='ocrx_word' id='word_1_17' title='bbox 2195 383 2232 429; x_wconf 69' lang='lat' dir='ltr'>E</span> 
     </span>
     <span class='ocr_line' id='line_1_3' title="bbox 517 424 2167 496; baseline -0.001 -18"><span class='ocrx_word' id='word_1_18' title='bbox 517 430 628 478; x_wconf 85' lang='lat' dir='ltr'>tibus</span> <span class='ocrx_word' id='word_1_19' title='bbox 640 429 827 477; x_wconf 79' lang='lat' dir='ltr'>dicemus</span> <span class='ocrx_word' id='word_1_20' title='bbox 837 465 851 486; x_wconf 91' lang='lat'>,</span> <span class='ocrx_word' id='word_1_21' title='bbox 862 428 887 476; x_wconf 71' lang='lat' dir='ltr'>a</span> <span class='ocrx_word' id='word_1_22' title='bbox 897 428 1051 495; x_wconf 82' lang='lat' dir='ltr'>quibus</span> <span class='ocrx_word' id='word_1_23' title='bbox 1073 444 1165 476; x_wconf 87' lang='lat' dir='ltr'>tum</span> <span class='ocrx_word' id='word_1_24' title='bbox 1176 432 1266 476; x_wconf 83' lang='lat' dir='ltr'>iura</span> <span class='ocrx_word' id='word_1_25' title='bbox 1276 427 1470 476; x_wconf 86' lang='lat' dir='ltr'>dicuntur</span> <span class='ocrx_word' id='word_1_26' title='bbox 1479 462 1494 482; x_wconf 85' lang='lat'>,</span> <span class='ocrx_word' id='word_1_27' title='bbox 1503 444 1596 476; x_wconf 86' lang='lat' dir='ltr'>tum</span> <span class='ocrx_word' id='word_1_28' title='bbox 1608 432 1792 496; x_wconf 66' lang='lat' dir='ltr'>pecunie</span> <span class='ocrx_word' id='word_1_29' title='bbox 1803 424 1978 495; x_wconf 75' lang='lat' dir='ltr'>publicae</span> <span class='ocrx_word' id='word_1_30' title='bbox 2091 432 2100 440; x_wconf 82' lang='lat'>‘</span> <span class='ocrx_word' id='word_1_31' title='bbox 2131 433 2167 477; x_wconf 93' lang='lat' dir='ltr'>i-</span> 
     </span>
     <span class='ocr_line' id='line_1_4' title="bbox 515 492 2166 561; baseline -0.001 -16"><span class='ocrx_word' id='word_1_32' title='bbox 515 497 693 545; x_wconf 86' lang='lat' dir='ltr'>strantur</span> <span class='ocrx_word' id='word_1_33' title='bbox 704 511 715 543; x_wconf 69' lang='grc' dir='ltr'>ἐ</span> <span class='ocrx_word' id='word_1_34' title='bbox 728 495 862 543; x_wconf 75' lang='lat' dir='ltr'>necno</span> <span class='ocrx_word' id='word_1_35' title='bbox 873 494 927 542; x_wconf 89' lang='lat' dir='ltr'>de</span> <span class='ocrx_word' id='word_1_36' title='bbox 936 495 1282 561; x_wconf 80' lang='lat' dir='ltr'>gubernatoribus</span> <span class='ocrx_word' id='word_1_37' title='bbox 1294 498 1464 543; x_wconf 87' lang='lat' dir='ltr'>ciuitatu</span> <span class='ocrx_word' id='word_1_38' title='bbox 1470 511 1623 561; x_wconf 79' lang='lat' dir='ltr'>m,quae</span> <span class='ocrx_word' id='word_1_39' title='bbox 1632 493 1706 542; x_wconf 91' lang='lat' dir='ltr'>sub</span> <span class='ocrx_word' id='word_1_40' title='bbox 1714 498 1878 544; x_wconf 82' lang='lat' dir='ltr'>Veneta</span> <span class='ocrx_word' id='word_1_41' title='bbox 1886 493 2048 542; x_wconf 82' lang='lat' dir='ltr'>ditione</span> <span class='ocrx_word' id='word_1_42' title='bbox 2059 492 2166 554; x_wconf 85' lang='lat' dir='ltr'>sunt,</span> 
     </span>
     <span class='ocr_line' id='line_1_5' title="bbox 517 558 2168 629; baseline -0.002 -18"><span class='ocrx_word' id='word_1_43' title='bbox 517 562 655 629; x_wconf 76' lang='lat' dir='ltr'>dec&#39;lue</span> <span class='ocrx_word' id='word_1_44' title='bbox 666 559 866 616; x_wconf 86' lang='lat' dir='ltr'>claffium,</span> <span class='ocrx_word' id='word_1_45' title='bbox 877 558 1216 627; x_wconf 78' lang='lat' dir='ltr'>exercituurm&#39;1ue</span> <span class='ocrx_word' id='word_1_46' title='bbox 1226 558 1424 628; x_wconf 69' lang='lat' dir='ltr'>praefeffis</span> <span class='ocrx_word' id='word_1_47' title='bbox 1436 595 1446 608; x_wconf 92' lang='lat'>.</span> <span class='ocrx_word' id='word_1_48' title='bbox 1460 558 1678 608; x_wconf 70' lang='lat' dir='ltr'>Postremo</span> <span class='ocrx_word' id='word_1_49' title='bbox 1688 558 1892 609; x_wconf 85' lang='lat' dir='ltr'>nonnulla</span> <span class='ocrx_word' id='word_1_50' title='bbox 1900 560 2085 608; x_wconf 85' lang='lat' dir='ltr'>instituta</span> <span class='ocrx_word' id='word_1_51' title='bbox 2096 579 2168 608; x_wconf 84' lang='lat' dir='ltr'>ex-</span> 
     </span>
     <span class='ocr_line' id='line_1_6' title="bbox 515 624 2166 698; baseline 0 -23"><span class='ocrx_word' id='word_1_52' title='bbox 515 645 690 695; x_wconf 86' lang='lat' dir='ltr'>ponam,</span> <span class='ocrx_word' id='word_1_53' title='bbox 699 626 852 698; x_wconf 86' lang='lat' dir='ltr'>quibus</span> <span class='ocrx_word' id='word_1_54' title='bbox 863 631 1027 694; x_wconf 87' lang='lat' dir='ltr'>optime</span> <span class='ocrx_word' id='word_1_55' title='bbox 1039 643 1137 674; x_wconf 88' lang='lat' dir='ltr'>meo</span> <span class='ocrx_word' id='word_1_56' title='bbox 1150 625 1324 692; x_wconf 86' lang='lat' dir='ltr'>quidem</span> <span class='ocrx_word' id='word_1_57' title='bbox 1335 626 1494 680; x_wconf 86' lang='lat' dir='ltr'>iudicio</span> <span class='ocrx_word' id='word_1_58' title='bbox 1506 625 1631 675; x_wconf 80' lang='lat' dir='ltr'>cautt‘i</span> <span class='ocrx_word' id='word_1_59' title='bbox 1641 626 1700 673; x_wconf 85' lang='lat' dir='ltr'>est</span> <span class='ocrx_word' id='word_1_60' title='bbox 1708 662 1724 685; x_wconf 92' lang='lat'>,</span> <span class='ocrx_word' id='word_1_61' title='bbox 1735 644 1789 674; x_wconf 91' lang='lat' dir='ltr'>ne</span> <span class='ocrx_word' id='word_1_62' title='bbox 1798 624 1978 694; x_wconf 87' lang='lat' dir='ltr'>populus</span> <span class='ocrx_word' id='word_1_63' title='bbox 1992 634 2036 674; x_wconf 73' lang='grc' dir='ltr'>δε</span> <span class='ocrx_word' id='word_1_64' title='bbox 2048 624 2166 693; x_wconf 82' lang='lat' dir='ltr'>plebs</span> 
     </span>
     <span class='ocr_line' id='line_1_7' title="bbox 516 690 2168 759; baseline -0.001 -17"><span class='ocrx_word' id='word_1_65' title='bbox 516 698 720 742; x_wconf 81' lang='lat' dir='ltr'>minutior</span> <span class='ocrx_word' id='word_1_66' title='bbox 739 692 947 759; x_wconf 83' lang='lat' dir='ltr'>aegteferat</span> <span class='ocrx_word' id='word_1_67' title='bbox 957 690 1114 740; x_wconf 79' lang='lat' dir='ltr'>nullam</span> <span class='ocrx_word' id='word_1_68' title='bbox 1127 690 1201 740; x_wconf 85' lang='lat' dir='ltr'>fibi</span> <span class='ocrx_word' id='word_1_69' title='bbox 1222 697 1264 741; x_wconf 91' lang='lat' dir='ltr'>in</span> <span class='ocrx_word' id='word_1_70' title='bbox 1278 690 1354 741; x_wconf 89' lang='lat' dir='ltr'>hac</span> <span class='ocrx_word' id='word_1_71' title='bbox 1366 690 1597 758; x_wconf 84' lang='lat' dir='ltr'>Republica</span> <span class='ocrx_word' id='word_1_72' title='bbox 1642 693 1922 741; x_wconf 81' lang='lat' dir='ltr'>ubernationis</span> <span class='ocrx_word' id='word_1_73' title='bbox 1934 708 2091 759; x_wconf 85' lang='lat' dir='ltr'>partem</span> <span class='ocrx_word' id='word_1_74' title='bbox 2106 693 2168 740; x_wconf 89' lang='lat' dir='ltr'>es-</span> 
     </span>
     <span class='ocr_line' id='line_1_8' title="bbox 515 754 2165 826; baseline -0.002 -17"><span class='ocrx_word' id='word_1_75' title='bbox 515 763 575 809; x_wconf 86' lang='lat' dir='ltr'>se.</span> <span class='ocrx_word' id='word_1_76' title='bbox 595 759 859 809; x_wconf 88' lang='lat' dir='ltr'>Docebimus</span> <span class='ocrx_word' id='word_1_77' title='bbox 870 763 972 806; x_wconf 86' lang='lat' dir='ltr'>item</span> <span class='ocrx_word' id='word_1_78' title='bbox 983 757 1310 826; x_wconf 77' lang='lat' dir='ltr'>haudquaquam</span> <span class='ocrx_word' id='word_1_79' title='bbox 1323 760 1518 807; x_wconf 84' lang='lat' dir='ltr'>omiffam</span> <span class='ocrx_word' id='word_1_80' title='bbox 1528 757 1556 806; x_wconf 91' lang='lat' dir='ltr'>f</span> <span class='ocrx_word' id='word_1_81' title='bbox 1579 762 1586 771; x_wconf 89' lang='lat'>&#39;</span> <span class='ocrx_word' id='word_1_82' title='bbox 1622 774 1705 816; x_wconf 86' lang='lat' dir='ltr'>e,vt</span> <span class='ocrx_word' id='word_1_83' title='bbox 1714 754 1900 825; x_wconf 81' lang='lat' dir='ltr'>plerique</span> <span class='ocrx_word' id='word_1_84' title='bbox 1914 758 2165 817; x_wconf 87' lang='lat' dir='ltr'>existimant,</span> 
     </span>
     <span class='ocr_line' id='line_1_9' title="bbox 549 822 2170 874; baseline 0 0"><span class='ocrx_word' id='word_1_85' title='bbox 549 824 731 874; x_wconf 86' lang='lat' dir='ltr'>ublicam</span> <span class='ocrx_word' id='word_1_86' title='bbox 742 825 795 872; x_wconf 81' lang='lat' dir='ltr'>ad</span> <span class='ocrx_word' id='word_1_87' title='bbox 806 841 897 872; x_wconf 89' lang='lat' dir='ltr'>rem</span> <span class='ocrx_word' id='word_1_88' title='bbox 907 822 1100 872; x_wconf 87' lang='lat' dir='ltr'>bellicam</span> <span class='ocrx_word' id='word_1_89' title='bbox 1110 828 1342 874; x_wconf 80' lang='lat' dir='ltr'>iuuentutis</span> <span class='ocrx_word' id='word_1_90' title='bbox 1353 825 1655 873; x_wconf 81' lang='lat' dir='ltr'>institutionem</span> <span class='ocrx_word' id='word_1_91' title='bbox 1666 859 1677 871; x_wconf 94' lang='lat'>.</span> <span class='ocrx_word' id='word_1_92' title='bbox 1691 829 1855 874; x_wconf 86' lang='lat' dir='ltr'>Verum</span> <span class='ocrx_word' id='word_1_93' title='bbox 1876 840 1971 872; x_wconf 88' lang='lat' dir='ltr'>ante</span> <span class='ocrx_word' id='word_1_94' title='bbox 2004 842 2101 871; x_wconf 87' lang='lat' dir='ltr'>uam</span> <span class='ocrx_word' id='word_1_95' title='bbox 2112 823 2170 874; x_wconf 77' lang='lat' dir='ltr'>ad</span> 
     </span>
     <span class='ocr_line' id='line_1_10' title="bbox 515 843 2168 957; baseline -0.001 -18"><span class='ocrx_word' id='word_1_96' title='bbox 515 845 626 940; x_wconf 67' lang='lat' dir='ltr'>Eanc</span> <span class='ocrx_word' id='word_1_97' title='bbox 636 908 778 939; x_wconf 85' lang='lat' dir='ltr'>rerum</span> <span class='ocrx_word' id='word_1_98' title='bbox 787 891 1090 939; x_wconf 84' lang='lat' dir='ltr'>institutionem</span> <span class='ocrx_word' id='word_1_99' title='bbox 1108 888 1394 957; x_wconf 75' lang='lat' dir='ltr'>explicandam</span> <span class='ocrx_word' id='word_1_100' title='bbox 1405 896 1570 940; x_wconf 76' lang='lat' dir='ltr'>veniam</span> <span class='ocrx_word' id='word_1_101' title='bbox 1580 928 1595 949; x_wconf 86' lang='lat'>‚</span> <span class='ocrx_word' id='word_1_102' title='bbox 1607 908 1694 938; x_wconf 90' lang='lat' dir='ltr'>non</span> <span class='ocrx_word' id='word_1_103' title='bbox 1704 890 1758 938; x_wconf 85' lang='lat' dir='ltr'>ab</span> <span class='ocrx_word' id='word_1_104' title='bbox 1768 908 1812 938; x_wconf 91' lang='lat' dir='ltr'>re</span> <span class='ocrx_word' id='word_1_105' title='bbox 1821 891 1900 938; x_wconf 81' lang='lat' dir='ltr'>effe</span> <span class='ocrx_word' id='word_1_106' title='bbox 1910 843 2102 938; x_wconf 39' lang='lat' dir='ltr'>existimo</span> <span class='ocrx_word' id='word_1_107' title='bbox 2110 926 2125 949; x_wconf 90' lang='lat'>‚</span> <span class='ocrx_word' id='word_1_108' title='bbox 2135 888 2168 938; x_wconf 85' lang='lat' dir='ltr'>fi</span> 
     </span>
     <span class='ocr_line' id='line_1_11' title="bbox 516 954 2169 1024; baseline -0.002 -18"><span class='ocrx_word' id='word_1_109' title='bbox 516 956 721 1008; x_wconf 63' lang='lat' dir='ltr'>leetorem</span> <span class='ocrx_word' id='word_1_110' title='bbox 734 955 998 1004; x_wconf 79' lang='lat' dir='ltr'>admonuero</span> <span class='ocrx_word' id='word_1_111' title='bbox 1010 993 1024 1014; x_wconf 91' lang='lat'>‚</span> <span class='ocrx_word' id='word_1_112' title='bbox 1035 961 1077 1004; x_wconf 91' lang='lat' dir='ltr'>in</span> <span class='ocrx_word' id='word_1_113' title='bbox 1090 972 1137 1004; x_wconf 88' lang='lat' dir='ltr'>ea</span> <span class='ocrx_word' id='word_1_114' title='bbox 1147 961 1308 1004; x_wconf 87' lang='lat' dir='ltr'>ratione</span> <span class='ocrx_word' id='word_1_115' title='bbox 1318 993 1332 1014; x_wconf 82' lang='lat'><em>,</em></span> <span class='ocrx_word' id='word_1_116' title='bbox 1344 974 1428 1023; x_wconf 89' lang='lat' dir='ltr'>qua</span> <span class='ocrx_word' id='word_1_117' title='bbox 1439 955 1557 1024; x_wconf 88' lang='lat' dir='ltr'>supra</span> <span class='ocrx_word' id='word_1_118' title='bbox 1568 957 1652 1004; x_wconf 79' lang='lat' dir='ltr'>dixi</span> <span class='ocrx_word' id='word_1_119' title='bbox 1664 962 1861 1004; x_wconf 81' lang='lat' dir='ltr'>Senatum</span> <span class='ocrx_word' id='word_1_120' title='bbox 1881 954 2042 1004; x_wconf 89' lang='lat' dir='ltr'>consuli</span> <span class='ocrx_word' id='word_1_121' title='bbox 2063 954 2169 1004; x_wconf 90' lang='lat' dir='ltr'>sole-</span> 
     </span>
     <span class='ocr_line' id='line_1_12' title="bbox 517 1019 2225 1090; baseline -0.001 -20"><span class='ocrx_word' id='word_1_122' title='bbox 517 1041 583 1082; x_wconf 86' lang='lat' dir='ltr'>re,</span> <span class='ocrx_word' id='word_1_123' title='bbox 595 1019 814 1090; x_wconf 63' lang='lat' dir='ltr'>ipsumEIue</span> <span class='ocrx_word' id='word_1_124' title='bbox 825 1023 972 1071; x_wconf 86' lang='lat' dir='ltr'>decern</span> <span class='ocrx_word' id='word_1_125' title='bbox 984 1021 1122 1071; x_wconf 80' lang='lat' dir='ltr'>viriim</span> <span class='ocrx_word' id='word_1_126' title='bbox 1135 1021 1570 1090; x_wconf 86' lang='lat' dir='ltr'>collegium‚apparere</span> <span class='ocrx_word' id='word_1_127' title='bbox 1580 1023 1788 1090; x_wconf 90' lang='lat' dir='ltr'>perspicue</span> <span class='ocrx_word' id='word_1_128' title='bbox 1801 1026 2051 1070; x_wconf 81' lang='lat' dir='ltr'>mixtionem</span> <span class='ocrx_word' id='word_1_129' title='bbox 2064 1024 2168 1088; x_wconf 77' lang='lat' dir='ltr'>qui·</span> <span class='ocrx_word' id='word_1_130' title='bbox 2194 1038 2225 1082; x_wconf 60' lang='grc' dir='ltr'>Ρ</span> 
     </span>
     <span class='ocr_line' id='line_1_13' title="bbox 517 1084 2167 1156; baseline -0.001 -20"><span class='ocrx_word' id='word_1_131' title='bbox 517 1089 617 1136; x_wconf 85' lang='lat' dir='ltr'>dam</span> <span class='ocrx_word' id='word_1_132' title='bbox 629 1088 771 1154; x_wconf 87' lang='lat' dir='ltr'>legum</span> <span class='ocrx_word' id='word_1_133' title='bbox 785 1086 992 1156; x_wconf 83' lang='lat' dir='ltr'>popularis</span> <span class='ocrx_word' id='word_1_134' title='bbox 1003 1089 1127 1136; x_wconf 88' lang='lat' dir='ltr'>status</span> <span class='ocrx_word' id='word_1_135' title='bbox 1139 1125 1154 1146; x_wconf 91' lang='lat'>‚</span> <span class='ocrx_word' id='word_1_136' title='bbox 1168 1097 1210 1136; x_wconf 86' lang='lat'>&amp;</span> <span class='ocrx_word' id='word_1_137' title='bbox 1223 1087 1480 1155; x_wconf 70' lang='lat' dir='ltr'>Reipublicae</span> <span class='ocrx_word' id='word_1_138' title='bbox 1497 1093 1770 1156; x_wconf 88' lang='lat' dir='ltr'>optimatium</span> <span class='ocrx_word' id='word_1_139' title='bbox 1780 1122 1790 1133; x_wconf 91' lang='lat'>.</span> <span class='ocrx_word' id='word_1_140' title='bbox 1801 1091 1920 1135; x_wconf 87' lang='lat' dir='ltr'>Nam</span> <span class='ocrx_word' id='word_1_141' title='bbox 1932 1084 2050 1155; x_wconf 72' lang='lat' dir='ltr'>quod</span> <span class='ocrx_word' id='word_1_142' title='bbox 2062 1085 2167 1135; x_wconf 86' lang='lat' dir='ltr'>nihil</span> 
     </span>
     <span class='ocr_line' id='line_1_14' title="bbox 516 1152 2170 1235; baseline -0.001 -32"><span class='ocrx_word' id='word_1_143' title='bbox 516 1152 642 1222; x_wconf 85' lang='lat' dir='ltr'>poffit</span> <span class='ocrx_word' id='word_1_144' title='bbox 663 1160 835 1202; x_wconf 87' lang='lat' dir='ltr'>Senatus</span> <span class='ocrx_word' id='word_1_145' title='bbox 857 1154 1075 1202; x_wconf 82' lang='lat' dir='ltr'>decernere</span> <span class='ocrx_word' id='word_1_146' title='bbox 1084 1190 1097 1211; x_wconf 93' lang='lat'>‚</span> <span class='ocrx_word' id='word_1_147' title='bbox 1110 1152 1185 1201; x_wconf 83' lang='lat' dir='ltr'>nifi</span> <span class='ocrx_word' id='word_1_148' title='bbox 1197 1154 1250 1202; x_wconf 89' lang='lat' dir='ltr'>de</span> <span class='ocrx_word' id='word_1_149' title='bbox 1262 1172 1314 1202; x_wconf 83' lang='lat' dir='ltr'>eo</span> <span class='ocrx_word' id='word_1_150' title='bbox 1327 1160 1437 1221; x_wconf 86' lang='lat' dir='ltr'>prius</span> <span class='ocrx_word' id='word_1_151' title='bbox 1448 1154 1502 1203; x_wconf 89' lang='lat' dir='ltr'>ad</span> <span class='ocrx_word' id='word_1_152' title='bbox 1524 1153 1658 1235; x_wconf 74' lang='lat' dir='ltr'>ipsum</span> <span class='ocrx_word' id='word_1_153' title='bbox 1681 1159 1879 1202; x_wconf 87' lang='lat' dir='ltr'>Senatum</span> <span class='ocrx_word' id='word_1_154' title='bbox 1890 1152 1915 1200; x_wconf 70' lang='grc' dir='ltr'><strong>ὲ</strong></span> <span class='ocrx_word' id='word_1_155' title='bbox 1926 1152 2170 1220; x_wconf 84' lang='lat' dir='ltr'>praeconsul-</span> 
     </span>
     <span class='ocr_line' id='line_1_15' title="bbox 517 1217 2170 1287; baseline -0.001 -19"><span class='ocrx_word' id='word_1_156' title='bbox 517 1221 680 1268; x_wconf 88' lang='lat' dir='ltr'>toribus</span> <span class='ocrx_word' id='word_1_157' title='bbox 693 1218 869 1268; x_wconf 88' lang='lat' dir='ltr'>relatum</span> <span class='ocrx_word' id='word_1_158' title='bbox 879 1217 931 1267; x_wconf 86' lang='lat' dir='ltr'>fit</span> <span class='ocrx_word' id='word_1_159' title='bbox 942 1255 956 1278; x_wconf 90' lang='lat'>,</span> <span class='ocrx_word' id='word_1_160' title='bbox 967 1221 1089 1267; x_wconf 85' lang='lat' dir='ltr'>status</span> <span class='ocrx_word' id='word_1_161' title='bbox 1102 1225 1370 1286; x_wconf 84' lang='lat' dir='ltr'>optimatium</span> <span class='ocrx_word' id='word_1_162' title='bbox 1382 1221 1452 1268; x_wconf 87' lang='lat' dir='ltr'>est.</span> <span class='ocrx_word' id='word_1_163' title='bbox 1468 1220 1604 1282; x_wconf 77' lang='lat' dir='ltr'>Qd</span> <span class='ocrx_word' id='word_1_164' title='bbox 1616 1238 1716 1268; x_wconf 85' lang='lat' dir='ltr'>vero</span> <span class='ocrx_word' id='word_1_165' title='bbox 1730 1217 2065 1287; x_wconf 74' lang='lat' dir='ltr'>praeconiulrores</span> <span class='ocrx_word' id='word_1_166' title='bbox 2076 1217 2170 1266; x_wconf 88' lang='lat' dir='ltr'>nul-</span> 
     </span>
     <span class='ocr_line' id='line_1_16' title="bbox 515 1283 2168 1352; baseline -0.001 -19"><span class='ocrx_word' id='word_1_167' title='bbox 515 1284 604 1335; x_wconf 86' lang='lat' dir='ltr'>lam</span> <span class='ocrx_word' id='word_1_168' title='bbox 625 1285 804 1335; x_wconf 81' lang='lat' dir='ltr'>habeant</span> <span class='ocrx_word' id='word_1_169' title='bbox 823 1285 1093 1352; x_wconf 87' lang='lat' dir='ltr'>potestatem,</span> <span class='ocrx_word' id='word_1_170' title='bbox 1105 1284 1181 1333; x_wconf 84' lang='lat' dir='ltr'>nifi</span> <span class='ocrx_word' id='word_1_171' title='bbox 1195 1284 1410 1333; x_wconf 84' lang='lat' dir='ltr'>consulant</span> <span class='ocrx_word' id='word_1_172' title='bbox 1428 1291 1624 1334; x_wconf 85' lang='lat' dir='ltr'>Senatum</span> <span class='ocrx_word' id='word_1_173' title='bbox 1636 1283 1893 1352; x_wconf 73' lang='lat' dir='ltr'>,eorumc&#39;lue</span> <span class='ocrx_word' id='word_1_174' title='bbox 1912 1286 2108 1332; x_wconf 87' lang='lat' dir='ltr'>sententia</span> <span class='ocrx_word' id='word_1_175' title='bbox 2118 1283 2168 1332; x_wconf 89' lang='lat' dir='ltr'>il-</span> 
     </span>
     <span class='ocr_line' id='line_1_17' title="bbox 516 1349 2170 1419; baseline 0 -21"><span class='ocrx_word' id='word_1_176' title='bbox 516 1350 597 1400; x_wconf 86' lang='lat' dir='ltr'>lius</span> <span class='ocrx_word' id='word_1_177' title='bbox 619 1357 840 1400; x_wconf 79' lang='lat' dir='ltr'>autoritate</span> <span class='ocrx_word' id='word_1_178' title='bbox 862 1350 1110 1399; x_wconf 79' lang='lat' dir='ltr'>confirmata</span> <span class='ocrx_word' id='word_1_179' title='bbox 1130 1350 1179 1398; x_wconf 83' lang='lat' dir='ltr'>fit</span> <span class='ocrx_word' id='word_1_180' title='bbox 1191 1384 1203 1404; x_wconf 82' lang='lat'><em>.</em></span> <span class='ocrx_word' id='word_1_181' title='bbox 1214 1350 1406 1417; x_wconf 55' lang='lat' dir='ltr'>proserii&gt;</span> <span class='ocrx_word' id='word_1_182' title='bbox 1416 1353 1474 1402; x_wconf 88' lang='lat' dir='ltr'>cst</span> <span class='ocrx_word' id='word_1_183' title='bbox 1494 1349 1702 1419; x_wconf 84' lang='lat' dir='ltr'>popularis</span> <span class='ocrx_word' id='word_1_184' title='bbox 1725 1352 2035 1417; x_wconf 77' lang='lat' dir='ltr'>gubernationis</span> <span class='ocrx_word' id='word_1_185' title='bbox 2056 1351 2170 1398; x_wconf 87' lang='lat' dir='ltr'>insti-</span> 
     </span>
     <span class='ocr_line' id='line_1_18' title="bbox 517 1414 2169 1484; baseline -0.001 -18"><span class='ocrx_word' id='word_1_186' title='bbox 517 1434 658 1466; x_wconf 88' lang='lat' dir='ltr'>tutum</span> <span class='ocrx_word' id='word_1_187' title='bbox 672 1455 682 1466; x_wconf 92' lang='lat'>.</span> <span class='ocrx_word' id='word_1_188' title='bbox 695 1422 841 1484; x_wconf 84' lang='lat' dir='ltr'>Itaque</span> <span class='ocrx_word' id='word_1_189' title='bbox 861 1434 949 1464; x_wconf 89' lang='lat' dir='ltr'>non</span> <span class='ocrx_word' id='word_1_190' title='bbox 963 1414 1097 1464; x_wconf 73' lang='lat' dir='ltr'>modo</span> <span class='ocrx_word' id='word_1_191' title='bbox 1110 1420 1153 1464; x_wconf 91' lang='lat' dir='ltr'>in</span> <span class='ocrx_word' id='word_1_192' title='bbox 1175 1417 1362 1464; x_wconf 79' lang='lat' dir='ltr'>vniuersa</span> <span class='ocrx_word' id='word_1_193' title='bbox 1372 1416 1450 1464; x_wconf 85' lang='lat' dir='ltr'>hae</span> <span class='ocrx_word' id='word_1_194' title='bbox 1472 1418 1610 1464; x_wconf 73' lang='lat' dir='ltr'>nostra</span> <span class='ocrx_word' id='word_1_195' title='bbox 1626 1416 2169 1484; x_wconf 83' lang='lat' dir='ltr'>Republica,verumetiam</span> 
     </span>
     <span class='ocr_line' id='line_1_19' title="bbox 517 1482 2167 1550; baseline -0.001 -19"><span class='ocrx_word' id='word_1_196' title='bbox 517 1488 563 1531; x_wconf 88' lang='lat' dir='ltr'>in</span> <span class='ocrx_word' id='word_1_197' title='bbox 583 1500 835 1550; x_wconf 81' lang='lat' dir='ltr'>quacunque</span> <span class='ocrx_word' id='word_1_198' title='bbox 855 1486 941 1529; x_wconf 82' lang='lat' dir='ltr'>eius</span> <span class='ocrx_word' id='word_1_199' title='bbox 956 1498 1069 1549; x_wconf 86' lang='lat' dir='ltr'>parte</span> <span class='ocrx_word' id='word_1_200' title='bbox 1079 1519 1091 1540; x_wconf 89' lang='lat'>,</span> <span class='ocrx_word' id='word_1_201' title='bbox 1103 1487 1177 1548; x_wconf 89' lang='lat' dir='ltr'>qui</span> <span class='ocrx_word' id='word_1_202' title='bbox 1201 1486 1312 1530; x_wconf 60' lang='lat' dir='ltr'>reike</span> <span class='ocrx_word' id='word_1_203' title='bbox 1334 1483 1556 1550; x_wconf 81' lang='lat' dir='ltr'>perpendet</span> <span class='ocrx_word' id='word_1_204' title='bbox 1568 1520 1580 1540; x_wconf 86' lang='lat'><strong>,</strong></span> <span class='ocrx_word' id='word_1_205' title='bbox 1592 1488 1774 1530; x_wconf 87' lang='lat' dir='ltr'>inueniet</span> <span class='ocrx_word' id='word_1_206' title='bbox 1795 1482 1903 1530; x_wconf 83' lang='lat' dir='ltr'>hanc</span> <span class='ocrx_word' id='word_1_207' title='bbox 1926 1500 2054 1548; x_wconf 81' lang='lat' dir='ltr'>quam</span> <span class='ocrx_word' id='word_1_208' title='bbox 2068 1483 2167 1540; x_wconf 84' lang='lat' dir='ltr'>dixi,</span> 
     </span>
     <span class='ocr_line' id='line_1_20' title="bbox 518 1547 2170 1614; baseline -0.001 -18"><span class='ocrx_word' id='word_1_209' title='bbox 518 1554 770 1596; x_wconf 85' lang='lat' dir='ltr'>mixtionem</span> <span class='ocrx_word' id='word_1_210' title='bbox 785 1557 827 1596; x_wconf 83' lang='lat'>&amp;</span> <span class='ocrx_word' id='word_1_211' title='bbox 841 1552 1099 1614; x_wconf 83' lang='lat' dir='ltr'>temperiem,</span> <span class='ocrx_word' id='word_1_212' title='bbox 1135 1566 1185 1596; x_wconf 82' lang='lat' dir='ltr'>ua</span> <span class='ocrx_word' id='word_1_213' title='bbox 1197 1552 1317 1596; x_wconf 66' lang='lat' dir='ltr'>restat</span> <span class='ocrx_word' id='word_1_214' title='bbox 1327 1547 1405 1596; x_wconf 79' lang='lat' dir='ltr'>illae</span> <span class='ocrx_word' id='word_1_215' title='bbox 1414 1549 1672 1614; x_wconf 86' lang='lat' dir='ltr'>gubernandi</span> <span class='ocrx_word' id='word_1_216' title='bbox 1682 1552 1880 1606; x_wconf 79' lang='lat' dir='ltr'>rationes,</span> <span class='ocrx_word' id='word_1_217' title='bbox 1890 1553 1932 1595; x_wconf 88' lang='lat' dir='ltr'>in</span> <span class='ocrx_word' id='word_1_218' title='bbox 1946 1566 2068 1594; x_wconf 85' lang='lat' dir='ltr'>vnam</span> <span class='ocrx_word' id='word_1_219' title='bbox 2080 1547 2170 1594; x_wconf 87' lang='lat' dir='ltr'>for-</span> 
     </span>
     <span class='ocr_line' id='line_1_21' title="bbox 517 1612 2168 1681; baseline 0 -19"><span class='ocrx_word' id='word_1_220' title='bbox 517 1627 635 1662; x_wconf 77' lang='lat' dir='ltr'>mam</span> <span class='ocrx_word' id='word_1_221' title='bbox 657 1630 783 1681; x_wconf 86' lang='lat' dir='ltr'>atque</span> <span class='ocrx_word' id='word_1_222' title='bbox 794 1613 973 1681; x_wconf 79' lang='lat' dir='ltr'>speciem</span> <span class='ocrx_word' id='word_1_223' title='bbox 983 1618 1119 1680; x_wconf 85' lang='lat' dir='ltr'>Reipu</span> <span class='ocrx_word' id='word_1_224' title='bbox 1153 1613 1240 1661; x_wconf 76' lang='lat' dir='ltr'>licae</span> <span class='ocrx_word' id='word_1_225' title='bbox 1250 1615 1396 1662; x_wconf 84' lang='lat' dir='ltr'>nostrae</span> <span class='ocrx_word' id='word_1_226' title='bbox 1408 1614 1636 1662; x_wconf 79' lang='lat' dir='ltr'>coaluerint</span> <span class='ocrx_word' id='word_1_227' title='bbox 1647 1651 1658 1661; x_wconf 89' lang='lat'>.</span> <span class='ocrx_word' id='word_1_228' title='bbox 1672 1614 1742 1661; x_wconf 87' lang='lat' dir='ltr'>sed</span> <span class='ocrx_word' id='word_1_229' title='bbox 1760 1612 1859 1662; x_wconf 87' lang='lat' dir='ltr'>illuc</span> <span class='ocrx_word' id='word_1_230' title='bbox 1870 1650 1882 1669; x_wconf 81' lang='lat'><strong><em>‚</em></strong></span> <span class='ocrx_word' id='word_1_231' title='bbox 1895 1615 2004 1661; x_wconf 82' lang='lat' dir='ltr'>vnde</span> <span class='ocrx_word' id='word_1_232' title='bbox 2016 1614 2168 1678; x_wconf 75' lang='lat' dir='ltr'>egressa</span> 
     </span>
     <span class='ocr_line' id='line_1_22' title="bbox 519 1679 2168 1762; baseline -0.001 -35"><span class='ocrx_word' id='word_1_233' title='bbox 519 1682 577 1728; x_wconf 89' lang='lat' dir='ltr'>est</span> <span class='ocrx_word' id='word_1_234' title='bbox 591 1681 727 1728; x_wconf 69' lang='lat' dir='ltr'>nostra</span> <span class='ocrx_word' id='word_1_235' title='bbox 749 1694 975 1728; x_wconf 85' lang='lat' dir='ltr'>reuertatur</span> <span class='ocrx_word' id='word_1_236' title='bbox 985 1686 1121 1727; x_wconf 85' lang='lat' dir='ltr'>oratio</span> <span class='ocrx_word' id='word_1_237' title='bbox 1135 1717 1145 1727; x_wconf 68' lang='grc'>,.</span> <span class='ocrx_word' id='word_1_238' title='bbox 1159 1683 1369 1728; x_wconf 87' lang='lat' dir='ltr'>Omnium</span> <span class='ocrx_word' id='word_1_239' title='bbox 1384 1698 1486 1746; x_wconf 83' lang='lat' dir='ltr'>ergo</span> <span class='ocrx_word' id='word_1_240' title='bbox 1510 1684 1640 1747; x_wconf 86' lang='lat' dir='ltr'>prima</span> <span class='ocrx_word' id='word_1_241' title='bbox 1650 1698 1698 1727; x_wconf 87' lang='lat' dir='ltr'>ea</span> <span class='ocrx_word' id='word_1_242' title='bbox 1708 1697 1798 1747; x_wconf 79' lang='lat' dir='ltr'>pars</span> <span class='ocrx_word' id='word_1_243' title='bbox 1822 1679 1944 1727; x_wconf 89' lang='lat' dir='ltr'>nobis</span> <span class='ocrx_word' id='word_1_244' title='bbox 1958 1697 2168 1762; x_wconf 82' lang='lat' dir='ltr'>exponen-</span> 
     </span>
     <span class='ocr_line' id='line_1_23' title="bbox 517 1745 2238 1813; baseline -0.001 -20"><span class='ocrx_word' id='word_1_245' title='bbox 517 1746 572 1793; x_wconf 89' lang='lat' dir='ltr'>da</span> <span class='ocrx_word' id='word_1_246' title='bbox 583 1746 663 1802; x_wconf 88' lang='lat' dir='ltr'>est,</span> <span class='ocrx_word' id='word_1_247' title='bbox 679 1763 775 1813; x_wconf 76' lang='lat' dir='ltr'>qua:</span> <span class='ocrx_word' id='word_1_248' title='bbox 785 1745 837 1794; x_wconf 85' lang='lat' dir='ltr'>ad</span> <span class='ocrx_word' id='word_1_249' title='bbox 849 1750 911 1792; x_wconf 88' lang='lat' dir='ltr'>ius</span> <span class='ocrx_word' id='word_1_250' title='bbox 924 1745 1149 1793; x_wconf 88' lang='lat' dir='ltr'>dicendum</span> <span class='ocrx_word' id='word_1_251' title='bbox 1163 1751 1338 1812; x_wconf 86' lang='lat' dir='ltr'>pertinet</span> <span class='ocrx_word' id='word_1_252' title='bbox 1352 1783 1361 1793; x_wconf 95' lang='lat'><em>.</em></span> <span class='ocrx_word' id='word_1_253' title='bbox 1376 1747 1628 1794; x_wconf 83' lang='lat' dir='ltr'>Vniuerlum</span> <span class='ocrx_word' id='word_1_254' title='bbox 1644 1751 1772 1811; x_wconf 85' lang='lat' dir='ltr'>igitur</span> <span class='ocrx_word' id='word_1_255' title='bbox 1782 1752 1856 1803; x_wconf 87' lang='lat' dir='ltr'>ius,</span> <span class='ocrx_word' id='word_1_256' title='bbox 1870 1747 1988 1812; x_wconf 86' lang='lat' dir='ltr'>quod</span> <span class='ocrx_word' id='word_1_257' title='bbox 2002 1763 2026 1793; x_wconf 88' lang='lat' dir='ltr'>a</span> <span class='ocrx_word' id='word_1_258' title='bbox 2038 1751 2169 1812; x_wconf 85' lang='lat' dir='ltr'>magi-</span> <span class='ocrx_word' id='word_1_259' title='bbox 2192 1767 2238 1813; x_wconf 77' lang='lat' dir='ltr'>G</span> 
     </span>
     <span class='ocr_line' id='line_1_24' title="bbox 517 1809 2168 1878; baseline 0 -19"><span class='ocrx_word' id='word_1_260' title='bbox 517 1812 707 1860; x_wconf 75' lang='lat' dir='ltr'>stratibus</span> <span class='ocrx_word' id='word_1_261' title='bbox 719 1811 837 1859; x_wconf 89' lang='lat' dir='ltr'>reddi</span> <span class='ocrx_word' id='word_1_262' title='bbox 847 1809 1153 1865; x_wconf 72' lang='lat' dir='ltr'>solet,bif21iam</span> <span class='ocrx_word' id='word_1_263' title='bbox 1164 1811 1344 1859; x_wconf 84' lang='lat' dir='ltr'>diuisum</span> <span class='ocrx_word' id='word_1_264' title='bbox 1354 1812 1412 1859; x_wconf 89' lang='lat' dir='ltr'>est</span> <span class='ocrx_word' id='word_1_265' title='bbox 1428 1814 1542 1859; x_wconf 84' lang='lat' dir='ltr'>Nam</span> <span class='ocrx_word' id='word_1_266' title='bbox 1554 1827 1626 1860; x_wconf 90' lang='lat' dir='ltr'>aut</span> <span class='ocrx_word' id='word_1_267' title='bbox 1636 1816 1679 1858; x_wconf 86' lang='lat' dir='ltr'>in</span> <span class='ocrx_word' id='word_1_268' title='bbox 1692 1810 1894 1878; x_wconf 82' lang='lat' dir='ltr'>suppliciis</span> <span class='ocrx_word' id='word_1_269' title='bbox 1906 1809 2168 1878; x_wconf 70' lang='lat' dir='ltr'>c6s1sti1‚qe·.ae</span> 
     </span>
     <span class='ocr_line' id='line_1_25' title="bbox 516 1874 2168 1945; baseline 0.001 -20"><span class='ocrx_word' id='word_1_270' title='bbox 516 1877 717 1926; x_wconf 83' lang='lat' dir='ltr'>sumenda</span> <span class='ocrx_word' id='word_1_271' title='bbox 739 1878 831 1924; x_wconf 88' lang='lat' dir='ltr'>sunt</span> <span class='ocrx_word' id='word_1_272' title='bbox 843 1877 897 1924; x_wconf 92' lang='lat' dir='ltr'>de</span> <span class='ocrx_word' id='word_1_273' title='bbox 918 1876 1161 1924; x_wconf 82' lang='lat' dir='ltr'>hominibus</span> <span class='ocrx_word' id='word_1_274' title='bbox 1183 1874 1426 1925; x_wconf 79' lang='lat' dir='ltr'>facinorosis</span> <span class='ocrx_word' id='word_1_275' title='bbox 1438 1914 1452 1936; x_wconf 88' lang='lat'>,</span> <span class='ocrx_word' id='word_1_276' title='bbox 1464 1883 1538 1944; x_wconf 87' lang='lat' dir='ltr'>qui</span> <span class='ocrx_word' id='word_1_277' title='bbox 1558 1882 1732 1945; x_wconf 83' lang='lat' dir='ltr'>patriam</span> <span class='ocrx_word' id='word_1_278' title='bbox 1744 1894 1814 1925; x_wconf 89' lang='lat' dir='ltr'>aut</span> <span class='ocrx_word' id='word_1_279' title='bbox 1826 1881 1962 1924; x_wconf 88' lang='lat' dir='ltr'>ciuem</span> <span class='ocrx_word' id='word_1_280' title='bbox 1982 1877 2168 1943; x_wconf 82' lang='lat' dir='ltr'>aliquem</span> 
     </span>
     <span class='ocr_line' id='line_1_26' title="bbox 517 1941 2167 2010; baseline -0.001 -19"><span class='ocrx_word' id='word_1_281' title='bbox 517 1942 667 2009; x_wconf 79' lang='lat' dir='ltr'>insigni</span> <span class='ocrx_word' id='word_1_282' title='bbox 685 1947 767 1991; x_wconf 88' lang='lat' dir='ltr'>iniu</span> <span class='ocrx_word' id='word_1_283' title='bbox 775 1948 831 1991; x_wconf 85' lang='lat' dir='ltr'>ria</span> <span class='ocrx_word' id='word_1_284' title='bbox 841 1941 1053 1990; x_wconf 86' lang='lat' dir='ltr'>affecerint</span> <span class='ocrx_word' id='word_1_285' title='bbox 1063 1978 1077 2000; x_wconf 88' lang='lat'><strong>,</strong></span> <span class='ocrx_word' id='word_1_286' title='bbox 1087 1941 1155 1990; x_wconf 80' lang='lat' dir='ltr'>vel</span> <span class='ocrx_word' id='word_1_287' title='bbox 1166 1947 1209 1989; x_wconf 88' lang='lat' dir='ltr'>in</span> <span class='ocrx_word' id='word_1_288' title='bbox 1221 1942 1322 1990; x_wconf 88' lang='lat' dir='ltr'>deos</span> <span class='ocrx_word' id='word_1_289' title='bbox 1336 1941 1592 1993; x_wconf 80' lang='lat' dir='ltr'>immortales</span> <span class='ocrx_word' id='word_1_290' title='bbox 1606 1947 1722 2009; x_wconf 87' lang='lat' dir='ltr'>impij</span> <span class='ocrx_word' id='word_1_291' title='bbox 1737 1947 1940 1990; x_wconf 79' lang='lat' dir='ltr'>extiterint</span> <span class='ocrx_word' id='word_1_292' title='bbox 1952 1968 1963 1999; x_wconf 86' lang='lat'>·,</span> <span class='ocrx_word' id='word_1_293' title='bbox 1976 1961 2044 1990; x_wconf 82' lang='lat' dir='ltr'>aut</span> <span class='ocrx_word' id='word_1_294' title='bbox 2056 1942 2167 2010; x_wconf 85' lang='lat' dir='ltr'>pofi-</span> 
     </span>
     <span class='ocr_line' id='line_1_27' title="bbox 518 2006 2168 2073; baseline 0.001 -17"><span class='ocrx_word' id='word_1_295' title='bbox 518 2025 611 2056; x_wconf 88' lang='lat' dir='ltr'>tum</span> <span class='ocrx_word' id='word_1_296' title='bbox 625 2010 681 2056; x_wconf 89' lang='lat' dir='ltr'>est</span> <span class='ocrx_word' id='word_1_297' title='bbox 692 2014 733 2055; x_wconf 88' lang='lat' dir='ltr'>in</span> <span class='ocrx_word' id='word_1_298' title='bbox 747 2007 875 2056; x_wconf 74' lang='lat' dir='ltr'>causis</span> <span class='ocrx_word' id='word_1_299' title='bbox 889 2006 1121 2056; x_wconf 78' lang='lat' dir='ltr'>forensibus</span> <span class='ocrx_word' id='word_1_300' title='bbox 1141 2009 1370 2056; x_wconf 85' lang='lat' dir='ltr'>iudicandis</span> <span class='ocrx_word' id='word_1_301' title='bbox 1384 2047 1394 2057; x_wconf 91' lang='lat'><em>.</em></span> <span class='ocrx_word' id='word_1_302' title='bbox 1408 2006 1571 2056; x_wconf 73' lang='lat' dir='ltr'>Idcirco</span> <span class='ocrx_word' id='word_1_303' title='bbox 1584 2014 1708 2056; x_wconf 86' lang='lat' dir='ltr'>etiarn</span> <span class='ocrx_word' id='word_1_304' title='bbox 1720 2013 1904 2057; x_wconf 80' lang='lat' dir='ltr'>Veneriis</span> <span class='ocrx_word' id='word_1_305' title='bbox 1916 2009 2004 2055; x_wconf 90' lang='lat' dir='ltr'>duo</span> <span class='ocrx_word' id='word_1_306' title='bbox 2016 2026 2168 2073; x_wconf 82' lang='lat' dir='ltr'>genera</span> 
     </span>
     <span class='ocr_line' id='line_1_28' title="bbox 517 2071 2166 2133; baseline 0.001 -12"><span class='ocrx_word' id='word_1_307' title='bbox 517 2075 709 2122; x_wconf 87' lang='lat' dir='ltr'>iudicum</span> <span class='ocrx_word' id='word_1_308' title='bbox 723 2075 837 2131; x_wconf 83' lang='lat' dir='ltr'>sunt,</span> <span class='ocrx_word' id='word_1_309' title='bbox 851 2073 1007 2121; x_wconf 87' lang='lat' dir='ltr'>horum</span> <span class='ocrx_word' id='word_1_310' title='bbox 1029 2073 1201 2122; x_wconf 87' lang='lat' dir='ltr'>alterum</span> <span class='ocrx_word' id='word_1_311' title='bbox 1216 2073 1344 2122; x_wconf 86' lang='lat' dir='ltr'>caufis</span> <span class='ocrx_word' id='word_1_312' title='bbox 1366 2073 1596 2122; x_wconf 78' lang='lat' dir='ltr'>forensibus</span> <span class='ocrx_word' id='word_1_313' title='bbox 1608 2112 1621 2133; x_wconf 86' lang='lat'><strong>,</strong></span> <span class='ocrx_word' id='word_1_314' title='bbox 1632 2074 1806 2122; x_wconf 85' lang='lat' dir='ltr'>alterum</span> <span class='ocrx_word' id='word_1_315' title='bbox 1818 2071 1918 2122; x_wconf 71' lang='lat' dir='ltr'>vero</span> <span class='ocrx_word' id='word_1_316' title='bbox 1930 2074 2090 2121; x_wconf 86' lang='lat' dir='ltr'>iudiciis</span> <span class='ocrx_word' id='word_1_317' title='bbox 2104 2093 2166 2122; x_wconf 88' lang='lat' dir='ltr'>re-</span> 
     </span>
     <span class='ocr_line' id='line_1_29' title="bbox 517 2138 2168 2208; baseline 0.001 -21"><span class='ocrx_word' id='word_1_318' title='bbox 517 2158 616 2187; x_wconf 83' lang='lat' dir='ltr'>rum</span> <span class='ocrx_word' id='word_1_319' title='bbox 637 2138 874 2207; x_wconf 85' lang='lat' dir='ltr'>capitalium</span> <span class='ocrx_word' id='word_1_320' title='bbox 896 2139 1113 2206; x_wconf 77' lang='lat' dir='ltr'>praeficitur</span> <span class='ocrx_word' id='word_1_321' title='bbox 1126 2178 1135 2187; x_wconf 94' lang='lat'>.</span> <span class='ocrx_word' id='word_1_322' title='bbox 1151 2145 1338 2188; x_wconf 84' lang='lat' dir='ltr'>Primum</span> <span class='ocrx_word' id='word_1_323' title='bbox 1360 2145 1500 2208; x_wconf 81' lang='lat' dir='ltr'>itaque</span> <span class='ocrx_word' id='word_1_324' title='bbox 1520 2141 1574 2188; x_wconf 91' lang='lat' dir='ltr'>de</span> <span class='ocrx_word' id='word_1_325' title='bbox 1596 2139 1916 2188; x_wconf 87' lang='lat' dir='ltr'>criminosorum</span> <span class='ocrx_word' id='word_1_326' title='bbox 1936 2138 2168 2188; x_wconf 81' lang='lat' dir='ltr'>hominum</span> 
     </span>
     <span class='ocr_line' id='line_1_30' title="bbox 517 2204 2166 2272; baseline 0 -19"><span class='ocrx_word' id='word_1_327' title='bbox 517 2206 727 2254; x_wconf 88' lang='lat' dir='ltr'>iudicibus</span> <span class='ocrx_word' id='word_1_328' title='bbox 741 2241 753 2259; x_wconf 83' lang='lat'>,</span> <span class='ocrx_word' id='word_1_329' title='bbox 766 2224 869 2253; x_wconf 89' lang='lat' dir='ltr'>mox</span> <span class='ocrx_word' id='word_1_330' title='bbox 881 2207 935 2254; x_wconf 92' lang='lat' dir='ltr'>de</span> <span class='ocrx_word' id='word_1_331' title='bbox 945 2205 1175 2253; x_wconf 80' lang='lat' dir='ltr'>forensibus</span> <span class='ocrx_word' id='word_1_332' title='bbox 1187 2207 1390 2255; x_wconf 77' lang='lat' dir='ltr'>dicemus.</span> <span class='ocrx_word' id='word_1_333' title='bbox 1404 2226 1452 2254; x_wconf 77' lang='lat' dir='ltr'>ex</span> <span class='ocrx_word' id='word_1_334' title='bbox 1464 2205 1622 2254; x_wconf 69' lang='lat' dir='ltr'>delictis</span> <span class='ocrx_word' id='word_1_335' title='bbox 1638 2206 1828 2272; x_wconf 70' lang='lat' dir='ltr'>quiedam</span> <span class='ocrx_word' id='word_1_336' title='bbox 1840 2210 2065 2254; x_wconf 84' lang='lat' dir='ltr'>minutiora</span> <span class='ocrx_word' id='word_1_337' title='bbox 2074 2243 2088 2263; x_wconf 87' lang='lat'>,</span> <span class='ocrx_word' id='word_1_338' title='bbox 2100 2204 2166 2253; x_wconf 85' lang='lat' dir='ltr'>vel</span> 
     </span>
     <span class='ocr_line' id='line_1_31' title="bbox 519 2270 2166 2339; baseline -0.001 -20"><span class='ocrx_word' id='word_1_339' title='bbox 519 2271 660 2339; x_wconf 86' lang='lat' dir='ltr'>suapte</span> <span class='ocrx_word' id='word_1_340' title='bbox 671 2270 915 2330; x_wconf 79' lang='lat' dir='ltr'>natura,vel</span> <span class='ocrx_word' id='word_1_341' title='bbox 929 2276 1191 2339; x_wconf 82' lang='lat' dir='ltr'>peccantium</span> <span class='ocrx_word' id='word_1_342' title='bbox 1209 2271 1436 2320; x_wconf 84' lang='lat' dir='ltr'>hominum</span> <span class='ocrx_word' id='word_1_343' title='bbox 1462 2272 1702 2320; x_wconf 85' lang='lat' dir='ltr'>conditione</span> <span class='ocrx_word' id='word_1_344' title='bbox 1725 2270 1928 2320; x_wconf 87' lang='lat' dir='ltr'>habentur</span> <span class='ocrx_word' id='word_1_345' title='bbox 1940 2310 1950 2320; x_wconf 95' lang='lat'><strong><em>.</em></strong></span> <span class='ocrx_word' id='word_1_346' title='bbox 1966 2270 2166 2319; x_wconf 87' lang='lat' dir='ltr'>nonnulla</span> 
     </span>
     <span class='ocr_line' id='line_1_32' title="bbox 519 2338 2166 2405; baseline 0 -21"><span class='ocrx_word' id='word_1_347' title='bbox 519 2342 713 2402; x_wconf 83' lang='lat' dir='ltr'>grauiora</span> <span class='ocrx_word' id='word_1_348' title='bbox 727 2346 769 2384; x_wconf 74' lang='grc' dir='ltr'>δι</span> <span class='ocrx_word' id='word_1_349' title='bbox 783 2341 953 2385; x_wconf 82' lang='lat' dir='ltr'>maioris</span> <span class='ocrx_word' id='word_1_350' title='bbox 967 2343 1198 2396; x_wconf 85' lang='lat' dir='ltr'>momenti,</span> <span class='ocrx_word' id='word_1_351' title='bbox 1209 2355 1280 2386; x_wconf 83' lang='lat' dir='ltr'>aut</span> <span class='ocrx_word' id='word_1_352' title='bbox 1292 2357 1438 2404; x_wconf 87' lang='lat' dir='ltr'>genere</span> <span class='ocrx_word' id='word_1_353' title='bbox 1448 2338 1537 2405; x_wconf 81' lang='lat' dir='ltr'>ipso</span> <span class='ocrx_word' id='word_1_354' title='bbox 1550 2343 1806 2404; x_wconf 77' lang='lat' dir='ltr'>peccati,aut</span> <span class='ocrx_word' id='word_1_355' title='bbox 1816 2343 2074 2405; x_wconf 84' lang='lat' dir='ltr'>peccantium</span> <span class='ocrx_word' id='word_1_356' title='bbox 2088 2356 2166 2385; x_wconf 90' lang='lat' dir='ltr'>no-</span> 
     </span>
     <span class='ocr_line' id='line_1_33' title="bbox 518 2402 2164 2471; baseline 0 -21"><span class='ocrx_word' id='word_1_357' title='bbox 518 2402 677 2450; x_wconf 84' lang='lat' dir='ltr'>bilitate</span> <span class='ocrx_word' id='word_1_358' title='bbox 691 2441 699 2450; x_wconf 97' lang='lat'>.</span> <span class='ocrx_word' id='word_1_359' title='bbox 717 2421 803 2470; x_wconf 84' lang='lat' dir='ltr'>qua</span> <span class='ocrx_word' id='word_1_360' title='bbox 813 2404 865 2451; x_wconf 91' lang='lat' dir='ltr'>de</span> <span class='ocrx_word' id='word_1_361' title='bbox 889 2403 1005 2450; x_wconf 86' lang='lat' dir='ltr'>causa</span> <span class='ocrx_word' id='word_1_362' title='bbox 1017 2402 1201 2470; x_wconf 87' lang='lat' dir='ltr'>duplices</span> <span class='ocrx_word' id='word_1_363' title='bbox 1213 2423 1392 2470; x_wconf 84' lang='lat' dir='ltr'>quoque</span> <span class='ocrx_word' id='word_1_364' title='bbox 1402 2403 1492 2452; x_wconf 90' lang='lat' dir='ltr'>sunt</span> <span class='ocrx_word' id='word_1_365' title='bbox 1504 2402 1742 2471; x_wconf 86' lang='lat' dir='ltr'>capitalium</span> <span class='ocrx_word' id='word_1_366' title='bbox 1758 2421 1894 2452; x_wconf 88' lang='lat' dir='ltr'>terum</span> <span class='ocrx_word' id='word_1_367' title='bbox 1908 2405 2164 2470; x_wconf 78' lang='lat' dir='ltr'>magistratus</span> 
     </span>
     <span class='ocr_line' id='line_1_34' title="bbox 518 2467 2244 2536; baseline 0.001 -21"><span class='ocrx_word' id='word_1_368' title='bbox 518 2470 693 2516; x_wconf 86' lang='lat' dir='ltr'>instituti</span> <span class='ocrx_word' id='word_1_369' title='bbox 707 2507 715 2517; x_wconf 94' lang='lat'>.</span> <span class='ocrx_word' id='word_1_370' title='bbox 729 2470 781 2516; x_wconf 77' lang='lat' dir='ltr'>acl</span> <span class='ocrx_word' id='word_1_371' title='bbox 794 2468 949 2516; x_wconf 87' lang='lat' dir='ltr'>horum</span> <span class='ocrx_word' id='word_1_372' title='bbox 971 2467 1119 2516; x_wconf 83' lang='lat' dir='ltr'>alteros</span> <span class='ocrx_word' id='word_1_373' title='bbox 1131 2475 1342 2536; x_wconf 86' lang='lat' dir='ltr'>grauiores</span> <span class='ocrx_word' id='word_1_374' title='bbox 1366 2469 1490 2518; x_wconf 83' lang='lat' dir='ltr'>causae</span> <span class='ocrx_word' id='word_1_375' title='bbox 1504 2479 1545 2518; x_wconf 83' lang='lat'>&amp;</span> <span class='ocrx_word' id='word_1_376' title='bbox 1558 2469 1780 2536; x_wconf 75' lang='lat' dir='ltr'>insigniora</span> <span class='ocrx_word' id='word_1_377' title='bbox 1792 2474 1964 2518; x_wconf 79' lang='lat' dir='ltr'>crimina</span> <span class='ocrx_word' id='word_1_378' title='bbox 1976 2469 2166 2517; x_wconf 82' lang='lat' dir='ltr'>deferun·</span> <span class='ocrx_word' id='word_1_379' title='bbox 2193 2484 2244 2530; x_wconf 79' lang='grc' dir='ltr'>Η</span> 
     </span>
     <span class='ocr_line' id='line_1_35' title="bbox 519 2533 2241 2603; baseline 0.001 -22"><span class='ocrx_word' id='word_1_380' title='bbox 519 2551 610 2592; x_wconf 87' lang='lat' dir='ltr'>tur,</span> <span class='ocrx_word' id='word_1_381' title='bbox 623 2535 675 2581; x_wconf 90' lang='lat' dir='ltr'>ad</span> <span class='ocrx_word' id='word_1_382' title='bbox 687 2533 837 2582; x_wconf 86' lang='lat' dir='ltr'>alteros</span> <span class='ocrx_word' id='word_1_383' title='bbox 851 2535 951 2582; x_wconf 72' lang='lat' dir='ltr'>vero</span> <span class='ocrx_word' id='word_1_384' title='bbox 963 2534 1119 2582; x_wconf 79' lang='lat' dir='ltr'>leuiora</span> <span class='ocrx_word' id='word_1_385' title='bbox 1131 2573 1141 2583; x_wconf 92' lang='lat'>.</span> <span class='ocrx_word' id='word_1_386' title='bbox 1155 2539 1203 2582; x_wconf 90' lang='lat' dir='ltr'>In</span> <span class='ocrx_word' id='word_1_387' title='bbox 1223 2535 1456 2601; x_wconf 82' lang='lat' dir='ltr'>Republica</span> <span class='ocrx_word' id='word_1_388' title='bbox 1466 2536 1638 2603; x_wconf 88' lang='lat' dir='ltr'>quidem</span> <span class='ocrx_word' id='word_1_389' title='bbox 1652 2541 1812 2585; x_wconf 86' lang='lat' dir='ltr'>Veneta</span> <span class='ocrx_word' id='word_1_390' title='bbox 1821 2536 1972 2584; x_wconf 82' lang='lat' dir='ltr'>iudicia</span> <span class='ocrx_word' id='word_1_391' title='bbox 1982 2535 2166 2583; x_wconf 74' lang='lat' dir='ltr'>Vniuersa</span> <span class='ocrx_word' id='word_1_392' title='bbox 2235 2546 2241 2548; x_wconf 81' lang='grc'><em>“</em></span> 
     </span>
     <span class='ocr_line' id='line_1_36' title="bbox 517 2600 2166 2669; baseline 0.001 -22"><span class='ocrx_word' id='word_1_393' title='bbox 517 2601 571 2647; x_wconf 83' lang='lat' dir='ltr'>ad</span> <span class='ocrx_word' id='word_1_394' title='bbox 585 2618 679 2648; x_wconf 60' lang='lat' dir='ltr'>eam,</span> <span class='ocrx_word' id='word_1_395' title='bbox 689 2605 893 2648; x_wconf 86' lang='lat' dir='ltr'>rationem</span> <span class='ocrx_word' id='word_1_396' title='bbox 905 2638 919 2658; x_wconf 92' lang='lat'>‚</span> <span class='ocrx_word' id='word_1_397' title='bbox 931 2618 1059 2666; x_wconf 83' lang='lat' dir='ltr'>quam</span> <span class='ocrx_word' id='word_1_398' title='bbox 1073 2619 1147 2668; x_wconf 89' lang='lat' dir='ltr'>pro</span> <span class='ocrx_word' id='word_1_399' title='bbox 1179 2603 1364 2649; x_wconf 85' lang='lat' dir='ltr'>osuirnus</span> <span class='ocrx_word' id='word_1_400' title='bbox 1378 2639 1390 2660; x_wconf 90' lang='lat'>‚</span> <span class='ocrx_word' id='word_1_401' title='bbox 1404 2620 1602 2669; x_wconf 80' lang='lat' dir='ltr'>perquam</span> <span class='ocrx_word' id='word_1_402' title='bbox 1614 2607 1774 2668; x_wconf 83' lang='lat' dir='ltr'>egregie</span> <span class='ocrx_word' id='word_1_403' title='bbox 1786 2600 1914 2649; x_wconf 86' lang='lat' dir='ltr'>diuisa</span> <span class='ocrx_word' id='word_1_404' title='bbox 1924 2618 2050 2667; x_wconf 85' lang='lat' dir='ltr'>atque</span> <span class='ocrx_word' id='word_1_405' title='bbox 2062 2619 2166 2648; x_wconf 77' lang='lat' dir='ltr'>con-</span> 
     </span>
     <span class='ocr_line' id='line_1_37' title="bbox 518 2618 2165 2735; baseline 0.001 -23"><span class='ocrx_word' id='word_1_406' title='bbox 518 2666 659 2713; x_wconf 84' lang='lat' dir='ltr'>stituta</span> <span class='ocrx_word' id='word_1_407' title='bbox 671 2671 1016 2732; x_wconf 87' lang='lat' dir='ltr'>reperientur.nos</span> <span class='ocrx_word' id='word_1_408' title='bbox 1025 2668 1077 2714; x_wconf 92' lang='lat' dir='ltr'>de</span> <span class='ocrx_word' id='word_1_409' title='bbox 1088 2618 1380 2733; x_wconf 48' lang='lat' dir='ltr'>insignioribus</span> <span class='ocrx_word' id='word_1_410' title='bbox 1393 2673 1530 2735; x_wconf 88' lang='lat' dir='ltr'>primo</span> <span class='ocrx_word' id='word_1_411' title='bbox 1544 2689 1554 2714; x_wconf 90' lang='lat'>:</span> <span class='ocrx_word' id='word_1_412' title='bbox 1568 2686 1668 2716; x_wconf 87' lang='lat' dir='ltr'>mox</span> <span class='ocrx_word' id='word_1_413' title='bbox 1682 2669 1734 2715; x_wconf 91' lang='lat' dir='ltr'>de</span> <span class='ocrx_word' id='word_1_414' title='bbox 1744 2666 1832 2714; x_wconf 82' lang='lat' dir='ltr'>aliis</span> <span class='ocrx_word' id='word_1_415' title='bbox 1842 2668 2042 2715; x_wconf 85' lang='lat' dir='ltr'>dicemus.</span> <span class='ocrx_word' id='word_1_416' title='bbox 2061 2671 2165 2714; x_wconf 67' lang='lat' dir='ltr'>1³1ae-</span> 
     </span>
     <span class='ocr_line' id='line_1_38' title="bbox 519 2730 2164 2812; baseline 0.001 -34"><span class='ocrx_word' id='word_1_417' title='bbox 519 2747 581 2778; x_wconf 91' lang='lat' dir='ltr'>ter</span> <span class='ocrx_word' id='word_1_418' title='bbox 591 2730 741 2778; x_wconf 70' lang='lat' dir='ltr'>delista</span> <span class='ocrx_word' id='word_1_419' title='bbox 753 2750 846 2798; x_wconf 78' lang='lat' dir='ltr'>quoe</span> <span class='ocrx_word' id='word_1_420' title='bbox 857 2733 1004 2779; x_wconf 90' lang='lat' dir='ltr'>decem</span> <span class='ocrx_word' id='word_1_421' title='bbox 1015 2731 1151 2780; x_wconf 74' lang='lat' dir='ltr'>viriim</span> <span class='ocrx_word' id='word_1_422' title='bbox 1165 2733 1340 2780; x_wconf 68' lang='lat' dir='ltr'>censurae</span> <span class='ocrx_word' id='word_1_423' title='bbox 1351 2736 1568 2782; x_wconf 82' lang='lat' dir='ltr'>commissa</span> <span class='ocrx_word' id='word_1_424' title='bbox 1576 2735 1654 2781; x_wconf 85' lang='lat' dir='ltr'>effe</span> <span class='ocrx_word' id='word_1_425' title='bbox 1666 2731 1780 2812; x_wconf 84' lang='lat' dir='ltr'>supra</span> <span class='ocrx_word' id='word_1_426' title='bbox 1790 2734 1984 2791; x_wconf 81' lang='lat' dir='ltr'>diximus,</span> <span class='ocrx_word' id='word_1_427' title='bbox 1998 2737 2164 2799; x_wconf 85' lang='lat' dir='ltr'>grauio-</span> 
     </span>
     <span class='ocr_line' id='line_1_39' title="bbox 517 2798 2166 2867; baseline 0.002 -24"><span class='ocrx_word' id='word_1_428' title='bbox 517 2815 562 2843; x_wconf 80' lang='lat' dir='ltr'>ra</span> <span class='ocrx_word' id='word_1_429' title='bbox 575 2802 719 2844; x_wconf 82' lang='lat' dir='ltr'>omnia</span> <span class='ocrx_word' id='word_1_430' title='bbox 731 2803 903 2845; x_wconf 78' lang='lat' dir='ltr'>crimina</span> <span class='ocrx_word' id='word_1_431' title='bbox 915 2799 1256 2846; x_wconf 81' lang='lat' dir='ltr'>Aduocatoribus</span> <span class='ocrx_word' id='word_1_432' title='bbox 1270 2798 1506 2847; x_wconf 68' lang='lat' dir='ltr'>referfitibus</span> <span class='ocrx_word' id='word_1_433' title='bbox 1520 2800 1782 2867; x_wconf 84' lang='lat' dir='ltr'>collegioque</span> <span class='ocrx_word' id='word_1_434' title='bbox 1794 2799 2166 2867; x_wconf 80' lang='lat' dir='ltr'>quadragintauira-</span> 
     </span>
     <span class='ocr_line' id='line_1_40' title="bbox 519 2861 2162 2944; baseline 0.001 -35"><span class='ocrx_word' id='word_1_435' title='bbox 519 2861 547 2909; x_wconf 89' lang='lat' dir='ltr'>li</span> <span class='ocrx_word' id='word_1_436' title='bbox 563 2863 811 2928; x_wconf 84' lang='lat' dir='ltr'>disceptante</span> <span class='ocrx_word' id='word_1_437' title='bbox 823 2901 835 2919; x_wconf 90' lang='lat'>‚</span> <span class='ocrx_word' id='word_1_438' title='bbox 847 2865 1015 2912; x_wconf 84' lang='lat' dir='ltr'>discerni</span> <span class='ocrx_word' id='word_1_439' title='bbox 1028 2864 1159 2913; x_wconf 89' lang='lat' dir='ltr'>solent</span> <span class='ocrx_word' id='word_1_440' title='bbox 1169 2901 1183 2919; x_wconf 90' lang='lat'>,</span> <span class='ocrx_word' id='word_1_441' title='bbox 1195 2863 1326 2931; x_wconf 61' lang='lat' dir='ltr'>iisc‘lue</span> <span class='ocrx_word' id='word_1_442' title='bbox 1337 2884 1414 2932; x_wconf 88' lang='lat' dir='ltr'>pro</span> <span class='ocrx_word' id='word_1_443' title='bbox 1428 2871 1598 2914; x_wconf 88' lang='lat' dir='ltr'>crimine</span> <span class='ocrx_word' id='word_1_444' title='bbox 1606 2884 1732 2944; x_wconf 84' lang='lat' dir='ltr'>poena</span> <span class='ocrx_word' id='word_1_445' title='bbox 1742 2866 1956 2923; x_wconf 86' lang='lat' dir='ltr'>constitui,</span> <span class='ocrx_word' id='word_1_446' title='bbox 1966 2870 2040 2931; x_wconf 89' lang='lat' dir='ltr'>qui</span> <span class='ocrx_word' id='word_1_447' title='bbox 2052 2869 2092 2911; x_wconf 91' lang='lat' dir='ltr'>in</span> <span class='ocrx_word' id='word_1_448' title='bbox 2106 2870 2162 2912; x_wconf 87' lang='lat' dir='ltr'>eis</span> 
     </span>
     <span class='ocr_line' id='line_1_41' title="bbox 519 2927 2164 2998; baseline 0.002 -24"><span class='ocrx_word' id='word_1_449' title='bbox 519 2927 757 2994; x_wconf 82' lang='lat' dir='ltr'>deprehensi</span> <span class='ocrx_word' id='word_1_450' title='bbox 771 2930 931 2976; x_wconf 84' lang='lat' dir='ltr'>fuerint.</span> <span class='ocrx_word' id='word_1_451' title='bbox 965 2931 1203 2996; x_wconf 81' lang='lat' dir='ltr'>uadraginta</span> <span class='ocrx_word' id='word_1_452' title='bbox 1215 2930 1259 2978; x_wconf 88' lang='lat' dir='ltr'>hi</span> <span class='ocrx_word' id='word_1_453' title='bbox 1272 2936 1438 2998; x_wconf 85' lang='lat' dir='ltr'>viri‚qui</span> <span class='ocrx_word' id='word_1_454' title='bbox 1450 2937 1628 2980; x_wconf 85' lang='lat' dir='ltr'>criminu</span> <span class='ocrx_word' id='word_1_455' title='bbox 1640 2930 1766 2980; x_wconf 77' lang='lat' dir='ltr'>causis</span> <span class='ocrx_word' id='word_1_456' title='bbox 1782 2932 1960 2998; x_wconf 69' lang='lat' dir='ltr'>praefedti</span> <span class='ocrx_word' id='word_1_457' title='bbox 1970 2934 2074 2989; x_wconf 82' lang='lat' dir='ltr'>sunt,</span> <span class='ocrx_word' id='word_1_458' title='bbox 2085 2935 2164 2978; x_wconf 85' lang='lat' dir='ltr'>cri-</span> 
     </span>
     <span class='ocr_line' id='line_1_42' title="bbox 519 2993 2162 3066; baseline 0.002 -26"><span class='ocrx_word' id='word_1_459' title='bbox 519 2993 689 3041; x_wconf 80' lang='lat' dir='ltr'>minales</span> <span class='ocrx_word' id='word_1_460' title='bbox 703 2994 831 3060; x_wconf 70' lang='lat' dir='ltr'>vulgo</span> <span class='ocrx_word' id='word_1_461' title='bbox 845 3014 945 3063; x_wconf 86' lang='lat' dir='ltr'>appe</span> <span class='ocrx_word' id='word_1_462' title='bbox 964 2994 1037 3043; x_wconf 73' lang='lat' dir='ltr'>lari</span> <span class='ocrx_word' id='word_1_463' title='bbox 1048 2999 1364 3045; x_wconf 87' lang='lat' dir='ltr'>consueuetunt.</span> <span class='ocrx_word' id='word_1_464' title='bbox 1378 3002 1446 3045; x_wconf 87' lang='lat' dir='ltr'>De</span> <span class='ocrx_word' id='word_1_465' title='bbox 1456 2999 1636 3066; x_wconf 76' lang='lat' dir='ltr'>Vtrisque</span> <span class='ocrx_word' id='word_1_466' title='bbox 1648 2997 1944 3056; x_wconf 68' lang='lat' dir='ltr'>tractandfl‚sed</span> <span class='ocrx_word' id='word_1_467' title='bbox 1958 3002 2095 3065; x_wconf 85' lang='lat' dir='ltr'>primo</span> <span class='ocrx_word' id='word_1_468' title='bbox 2109 2995 2162 3043; x_wconf 87' lang='lat' dir='ltr'>de</span> 
     </span>
     <span class='ocr_line' id='line_1_43' title="bbox 519 3060 2163 3131; baseline 0.001 -24"><span class='ocrx_word' id='word_1_469' title='bbox 519 3060 861 3109; x_wconf 81' lang='lat' dir='ltr'>Aduocatoribus</span> <span class='ocrx_word' id='word_1_470' title='bbox 876 3099 886 3109; x_wconf 94' lang='lat'>.</span> <span class='ocrx_word' id='word_1_471' title='bbox 903 3063 1212 3112; x_wconf 85' lang='lat' dir='ltr'>Aduocatorius</span> <span class='ocrx_word' id='word_1_472' title='bbox 1225 3065 1480 3129; x_wconf 86' lang='lat' dir='ltr'>magistratus</span> <span class='ocrx_word' id='word_1_473' title='bbox 1494 3068 1629 3131; x_wconf 89' lang='lat' dir='ltr'>priscis</span> <span class='ocrx_word' id='word_1_474' title='bbox 1641 3065 1900 3131; x_wconf 81' lang='lat' dir='ltr'>temporibus</span> <span class='ocrx_word' id='word_1_475' title='bbox 1912 3079 2073 3129; x_wconf 82' lang='lat' dir='ltr'>magnae</span> <span class='ocrx_word' id='word_1_476' title='bbox 2082 3061 2163 3110; x_wconf 86' lang='lat' dir='ltr'>fuit</span> 
     </span>
     <span class='ocr_line' id='line_1_44' title="bbox 2042 3144 2162 3177; baseline -0.017 0"><span class='ocrx_word' id='word_1_477' title='bbox 2042 3144 2162 3177; x_wconf 87' lang='lat' dir='ltr'>auto-</span> 
     </span>
    </p>
   </div>
  </div>
 </body>
</html>
