<?xml version="1.0" encoding="UTF-8"?>
<!DOCTYPE html PUBLIC "-//W3C//DTD XHTML 1.0 Transitional//EN"
    "http://www.w3.org/TR/xhtml1/DTD/xhtml1-transitional.dtd">
<html xmlns="http://www.w3.org/1999/xhtml" xml:lang="en" lang="en">
 <head>
  <title>
</title>
<meta http-equiv="Content-Type" content="text/html;charset=utf-8" />
  <meta name='ocr-system' content='tesseract 3.04.00' />
  <meta name='ocr-capabilities' content='ocr_page ocr_carea ocr_par ocr_line ocrx_word'/>
</head>
<body>
  <div class='ocr_page' id='page_1' title='image "./opera00contgoog/opera00contgoog_0129.png"; bbox 0 0 2455 3671; ppageno 0'>
   <div class='ocr_carea' id='block_1_1' title="bbox 881 251 1806 333">
    <p class='ocr_par' dir='ltr' id='par_1_1' title="bbox 881 251 1806 333">
     <span class='ocr_line' id='line_1_1' title="bbox 881 251 1806 333; baseline 0.003 -3"><span class='ocrx_word' id='word_1_1' title='bbox 881 254 1041 330; x_wconf 88' lang='lat' dir='ltr'>DE</span> <span class='ocrx_word' id='word_1_2' title='bbox 1109 251 1696 331; x_wconf 86' lang='lat' dir='ltr'>ELEMENT</span> <span class='ocrx_word' id='word_1_3' title='bbox 1717 256 1806 333; x_wconf 93' lang='lat' dir='ltr'>IS</span> 
     </span>
    </p>
   </div>
   <div class='ocr_carea' id='block_1_2' title="bbox 509 364 2251 3197">
    <p class='ocr_par' dir='ltr' id='par_1_2' title="bbox 509 364 2251 3197">
     <span class='ocr_line' id='line_1_2' title="bbox 516 364 2229 435; baseline -0.001 -19"><span class='ocrx_word' id='word_1_4' title='bbox 516 366 691 416; x_wconf 76' lang='lat' dir='ltr'>reddere</span> <span class='ocrx_word' id='word_1_5' title='bbox 699 364 833 435; x_wconf 69' lang='lat' dir='ltr'>pollet</span> <span class='ocrx_word' id='word_1_6' title='bbox 841 399 855 426; x_wconf 77' lang='lat'>,</span> <span class='ocrx_word' id='word_1_7' title='bbox 865 384 941 416; x_wconf 88' lang='lat' dir='ltr'>cur</span> <span class='ocrx_word' id='word_1_8' title='bbox 950 368 1009 415; x_wconf 85' lang='lat' dir='ltr'>est</span> <span class='ocrx_word' id='word_1_9' title='bbox 1050 364 1139 415; x_wconf 70' lang='lat' dir='ltr'>uod</span> <span class='ocrx_word' id='word_1_10' title='bbox 1149 383 1353 432; x_wconf 83' lang='lat' dir='ltr'>maguum</span> <span class='ocrx_word' id='word_1_11' title='bbox 1367 365 1513 415; x_wconf 85' lang='lat' dir='ltr'>lumen</span> <span class='ocrx_word' id='word_1_12' title='bbox 1524 365 1704 416; x_wconf 79' lang='lat' dir='ltr'>offuscat</span> <span class='ocrx_word' id='word_1_13' title='bbox 1711 365 1858 416; x_wconf 87' lang='lat' dir='ltr'>lumen</span> <span class='ocrx_word' id='word_1_14' title='bbox 1878 369 2021 417; x_wconf 77' lang='lat' dir='ltr'>minus</span> <span class='ocrx_word' id='word_1_15' title='bbox 2030 404 2046 428; x_wconf 90' lang='lat'>,</span> <span class='ocrx_word' id='word_1_16' title='bbox 2053 367 2162 418; x_wconf 78' lang='lat' dir='ltr'>adeo</span> <span class='ocrx_word' id='word_1_17' title='bbox 2191 370 2229 415; x_wconf 82' lang='lat' dir='ltr'>F.</span> 
     </span>
     <span class='ocr_line' id='line_1_3' title="bbox 551 384 2166 501; baseline 0.001 -19"><span class='ocrx_word' id='word_1_18' title='bbox 551 431 637 482; x_wconf 70' lang='lat' dir='ltr'>uod</span> <span class='ocrx_word' id='word_1_19' title='bbox 647 435 842 501; x_wconf 84' lang='lat' dir='ltr'>praesente</span> <span class='ocrx_word' id='word_1_20' title='bbox 850 450 894 482; x_wconf 88' lang='lat' dir='ltr'>re</span> <span class='ocrx_word' id='word_1_21' title='bbox 903 384 1174 483; x_wconf 56' lang='lat' dir='ltr'>valde‘lucida</span> <span class='ocrx_word' id='word_1_22' title='bbox 1184 463 1200 492; x_wconf 79' lang='grc'><em>,</em></span> <span class='ocrx_word' id='word_1_23' title='bbox 1210 436 1281 481; x_wconf 82' lang='lat' dir='ltr'>vix</span> <span class='ocrx_word' id='word_1_24' title='bbox 1302 431 1494 500; x_wconf 69' lang='lat' dir='ltr'>aegreque</span> <span class='ocrx_word' id='word_1_25' title='bbox 1504 436 1615 501; x_wconf 87' lang='lat' dir='ltr'>perci</span> <span class='ocrx_word' id='word_1_26' title='bbox 1643 437 1776 482; x_wconf 83' lang='lat' dir='ltr'>iamus</span> <span class='ocrx_word' id='word_1_27' title='bbox 1800 450 1890 482; x_wconf 83' lang='lat' dir='ltr'>rem</span> <span class='ocrx_word' id='word_1_28' title='bbox 1909 439 2050 482; x_wconf 84' lang='lat' dir='ltr'>minus</span> <span class='ocrx_word' id='word_1_29' title='bbox 2060 433 2166 484; x_wconf 87' lang='lat' dir='ltr'>luci·</span> 
     </span>
     <span class='ocr_line' id='line_1_4' title="bbox 515 453 2166 568; baseline 0 -20"><span class='ocrx_word' id='word_1_30' title='bbox 515 453 616 548; x_wconf 65' lang='lat' dir='ltr'>dam</span> <span class='ocrx_word' id='word_1_31' title='bbox 625 533 636 546; x_wconf 86' lang='lat'>.</span> <span class='ocrx_word' id='word_1_32' title='bbox 649 500 753 548; x_wconf 88' lang='lat' dir='ltr'>Inde</span> <span class='ocrx_word' id='word_1_33' title='bbox 763 499 810 548; x_wconf 83' lang='lat' dir='ltr'>fit</span> <span class='ocrx_word' id='word_1_34' title='bbox 820 531 833 554; x_wconf 77' lang='lat'>,</span> <span class='ocrx_word' id='word_1_35' title='bbox 845 515 892 548; x_wconf 85' lang='lat' dir='ltr'>vt</span> <span class='ocrx_word' id='word_1_36' title='bbox 900 498 1077 548; x_wconf 83' lang='lat' dir='ltr'>lucernae</span> <span class='ocrx_word' id='word_1_37' title='bbox 1087 497 1232 547; x_wconf 83' lang='lat' dir='ltr'>lumen</span> <span class='ocrx_word' id='word_1_38' title='bbox 1240 502 1309 548; x_wconf 79' lang='lat' dir='ltr'>vix</span> <span class='ocrx_word' id='word_1_39' title='bbox 1319 514 1511 567; x_wconf 76' lang='lat' dir='ltr'>appareat</span> <span class='ocrx_word' id='word_1_40' title='bbox 1531 497 1608 547; x_wconf 87' lang='lat' dir='ltr'>sub</span> <span class='ocrx_word' id='word_1_41' title='bbox 1635 501 1778 548; x_wconf 88' lang='lat' dir='ltr'>umine</span> <span class='ocrx_word' id='word_1_42' title='bbox 1786 496 1882 548; x_wconf 82' lang='lat' dir='ltr'>solis</span> <span class='ocrx_word' id='word_1_43' title='bbox 1894 519 1906 548; x_wconf 73' lang='lat' dir='ltr'>r</span> <span class='ocrx_word' id='word_1_44' title='bbox 1922 498 2046 548; x_wconf 83' lang='lat' dir='ltr'>stellae</span> <span class='ocrx_word' id='word_1_45' title='bbox 2052 517 2166 568; x_wconf 88' lang='lat' dir='ltr'>quo-</span> 
     </span>
     <span class='ocr_line' id='line_1_5' title="bbox 515 562 2166 634; baseline 0.001 -21"><span class='ocrx_word' id='word_1_46' title='bbox 515 583 602 634; x_wconf 86' lang='lat' dir='ltr'>que</span> <span class='ocrx_word' id='word_1_47' title='bbox 611 565 790 614; x_wconf 80' lang='lat' dir='ltr'>interdiu</span> <span class='ocrx_word' id='word_1_48' title='bbox 805 583 894 614; x_wconf 90' lang='lat' dir='ltr'>non</span> <span class='ocrx_word' id='word_1_49' title='bbox 903 566 1097 614; x_wconf 77' lang='lat' dir='ltr'>videntur</span> <span class='ocrx_word' id='word_1_50' title='bbox 1107 565 1167 613; x_wconf 90' lang='lat' dir='ltr'>ob</span> <span class='ocrx_word' id='word_1_51' title='bbox 1179 565 1356 613; x_wconf 78' lang='lat' dir='ltr'>eandem</span> <span class='ocrx_word' id='word_1_52' title='bbox 1368 565 1534 613; x_wconf 68' lang='lat' dir='ltr'>caulam</span> <span class='ocrx_word' id='word_1_53' title='bbox 1545 589 1558 623; x_wconf 61' lang='grc' dir='ltr'><strong>ς</strong></span> <span class='ocrx_word' id='word_1_54' title='bbox 1570 564 1762 618; x_wconf 86' lang='lat' dir='ltr'>colorem</span> <span class='ocrx_word' id='word_1_55' title='bbox 1771 562 1874 614; x_wconf 66' lang='lat' dir='ltr'>vero</span> <span class='ocrx_word' id='word_1_56' title='bbox 1886 583 2090 632; x_wconf 86' lang='lat' dir='ltr'>magnum</span> <span class='ocrx_word' id='word_1_57' title='bbox 2100 565 2166 614; x_wconf 91' lang='lat' dir='ltr'>lu-</span> 
     </span>
     <span class='ocr_line' id='line_1_6' title="bbox 515 626 2166 699; baseline 0 -21"><span class='ocrx_word' id='word_1_58' title='bbox 515 649 617 679; x_wconf 86' lang='lat' dir='ltr'>men</span> <span class='ocrx_word' id='word_1_59' title='bbox 637 649 724 680; x_wconf 85' lang='lat' dir='ltr'>non</span> <span class='ocrx_word' id='word_1_60' title='bbox 744 626 1023 687; x_wconf 78' lang='lat' dir='ltr'>offuscat‚std</span> <span class='ocrx_word' id='word_1_61' title='bbox 1045 628 1218 679; x_wconf 87' lang='lat' dir='ltr'>illustrat</span> <span class='ocrx_word' id='word_1_62' title='bbox 1232 639 1275 679; x_wconf 75' lang='grc' dir='ltr'>δε</span> <span class='ocrx_word' id='word_1_63' title='bbox 1298 629 1530 679; x_wconf 80' lang='lat' dir='ltr'>euidentius</span> <span class='ocrx_word' id='word_1_64' title='bbox 1552 647 1746 699; x_wconf 81' lang='lat' dir='ltr'>apparere</span> <span class='ocrx_word' id='word_1_65' title='bbox 1766 630 1913 680; x_wconf 72' lang='lat' dir='ltr'>facitzfi</span> <span class='ocrx_word' id='word_1_66' title='bbox 1926 630 2050 681; x_wconf 89' lang='lat' dir='ltr'>color</span> <span class='ocrx_word' id='word_1_67' title='bbox 2058 630 2166 680; x_wconf 84' lang='lat' dir='ltr'>nihil</span> 
     </span>
     <span class='ocr_line' id='line_1_7' title="bbox 515 694 2164 764; baseline 0 -18"><span class='ocrx_word' id='word_1_68' title='bbox 515 696 633 746; x_wconf 87' lang='lat' dir='ltr'>aliud</span> <span class='ocrx_word' id='word_1_69' title='bbox 644 698 701 745; x_wconf 84' lang='lat' dir='ltr'>est</span> <span class='ocrx_word' id='word_1_70' title='bbox 710 730 724 755; x_wconf 81' lang='lat'>,</span> <span class='ocrx_word' id='word_1_71' title='bbox 737 694 868 764; x_wconf 64' lang='lat' dir='ltr'>quim</span> <span class='ocrx_word' id='word_1_72' title='bbox 879 694 1025 745; x_wconf 87' lang='lat' dir='ltr'>lumen</span> <span class='ocrx_word' id='word_1_73' title='bbox 1037 695 1174 744; x_wconf 86' lang='lat' dir='ltr'>debile</span> <span class='ocrx_word' id='word_1_74' title='bbox 1183 702 1229 745; x_wconf 88' lang='lat' dir='ltr'>in</span> <span class='ocrx_word' id='word_1_75' title='bbox 1239 713 1430 744; x_wconf 79' lang='lat' dir='ltr'>extremo</span> <span class='ocrx_word' id='word_1_76' title='bbox 1450 695 1648 764; x_wconf 86' lang='lat' dir='ltr'>diaphani</span> <span class='ocrx_word' id='word_1_77' title='bbox 1658 697 1830 745; x_wconf 84' lang='lat' dir='ltr'>existens</span> <span class='ocrx_word' id='word_1_78' title='bbox 1841 733 1852 746; x_wconf 90' lang='lat'>.</span> <span class='ocrx_word' id='word_1_79' title='bbox 1869 696 2040 746; x_wconf 82' lang='lat' dir='ltr'>Coloris</span> <span class='ocrx_word' id='word_1_80' title='bbox 2062 716 2104 746; x_wconf 89' lang='lat' dir='ltr'>er</span> <span class='ocrx_word' id='word_1_81' title='bbox 2134 715 2164 745; x_wconf 92' lang='lat' dir='ltr'>o</span> 
     </span>
     <span class='ocr_line' id='line_1_8' title="bbox 514 715 2166 831; baseline -0.001 -19"><span class='ocrx_word' id='word_1_82' title='bbox 514 779 664 812; x_wconf 73' lang='lat' dir='ltr'>natura</span> <span class='ocrx_word' id='word_1_83' title='bbox 674 761 753 811; x_wconf 83' lang='lat' dir='ltr'>alia</span> <span class='ocrx_word' id='word_1_84' title='bbox 763 763 822 811; x_wconf 87' lang='lat' dir='ltr'>est</span> <span class='ocrx_word' id='word_1_85' title='bbox 831 761 857 810; x_wconf 76' lang='grc' dir='ltr'>εὶ</span> <span class='ocrx_word' id='word_1_86' title='bbox 865 778 1011 811; x_wconf 83' lang='lat' dir='ltr'>natura</span> <span class='ocrx_word' id='word_1_87' title='bbox 1019 761 1252 811; x_wconf 71' lang='lat' dir='ltr'>luminisx&amp;</span> <span class='ocrx_word' id='word_1_88' title='bbox 1264 761 1360 811; x_wconf 89' lang='lat' dir='ltr'>licet</span> <span class='ocrx_word' id='word_1_89' title='bbox 1371 767 1580 829; x_wconf 80' lang='lat' dir='ltr'>originem</span> <span class='ocrx_word' id='word_1_90' title='bbox 1592 798 1605 817; x_wconf 86' lang='lat'>‚</span> <span class='ocrx_word' id='word_1_91' title='bbox 1616 759 1889 831; x_wconf 65' lang='lat' dir='ltr'>formamque</span> <span class='ocrx_word' id='word_1_92' title='bbox 1906 762 2058 812; x_wconf 86' lang='lat' dir='ltr'>habeat</span> <span class='ocrx_word' id='word_1_93' title='bbox 2069 715 2134 811; x_wconf 49' lang='lat' dir='ltr'>a?</span> <span class='ocrx_word' id='word_1_94' title='bbox 2146 794 2166 802; x_wconf 94' lang='lat'><em>-</em></span> 
     </span>
     <span class='ocr_line' id='line_1_9' title="bbox 513 826 2163 896; baseline 0.001 -19"><span class='ocrx_word' id='word_1_95' title='bbox 513 834 653 888; x_wconf 78' lang='lat' dir='ltr'>mine,</span> <span class='ocrx_word' id='word_1_96' title='bbox 664 829 887 895; x_wconf 77' lang='lat' dir='ltr'>degenerat</span> <span class='ocrx_word' id='word_1_97' title='bbox 909 846 1051 877; x_wconf 84' lang='lat' dir='ltr'>tamen</span> <span class='ocrx_word' id='word_1_98' title='bbox 1071 826 1095 876; x_wconf 71' lang='grc' dir='ltr'>ὲ</span> <span class='ocrx_word' id='word_1_99' title='bbox 1110 826 1281 876; x_wconf 82' lang='lat' dir='ltr'>luminis</span> <span class='ocrx_word' id='word_1_100' title='bbox 1293 828 1425 895; x_wconf 87' lang='lat' dir='ltr'>specie</span> <span class='ocrx_word' id='word_1_101' title='bbox 1435 834 1476 876; x_wconf 89' lang='lat' dir='ltr'>in</span> <span class='ocrx_word' id='word_1_102' title='bbox 1488 828 1669 896; x_wconf 87' lang='lat' dir='ltr'>speciem</span> <span class='ocrx_word' id='word_1_103' title='bbox 1690 826 1852 877; x_wconf 86' lang='lat' dir='ltr'>lumine</span> <span class='ocrx_word' id='word_1_104' title='bbox 1864 828 2103 878; x_wconf 83' lang='lat' dir='ltr'>inferiorem</span> <span class='ocrx_word' id='word_1_105' title='bbox 2118 838 2163 878; x_wconf 69' lang='lat' dir='ltr'>&amp;c</span> 
     </span>
     <span class='ocr_line' id='line_1_10' title="bbox 513 891 2163 961; baseline -0.001 -18"><span class='ocrx_word' id='word_1_106' title='bbox 513 894 884 961; x_wconf 62' lang='lat' dir='ltr'>imperfectiorem.</span> <span class='ocrx_word' id='word_1_107' title='bbox 898 898 966 943; x_wconf 87' lang='lat' dir='ltr'>Sic</span> <span class='ocrx_word' id='word_1_108' title='bbox 977 910 1018 942; x_wconf 92' lang='lat' dir='ltr'>te</span> <span class='ocrx_word' id='word_1_109' title='bbox 1047 911 1099 943; x_wconf 84' lang='lat' dir='ltr'>or</span> <span class='ocrx_word' id='word_1_110' title='bbox 1108 892 1284 942; x_wconf 84' lang='lat' dir='ltr'>coelestis</span> <span class='ocrx_word' id='word_1_111' title='bbox 1298 891 1425 942; x_wconf 82' lang='lat' dir='ltr'>efficit</span> <span class='ocrx_word' id='word_1_112' title='bbox 1432 895 1646 943; x_wconf 87' lang='lat' dir='ltr'>interdum</span> <span class='ocrx_word' id='word_1_113' title='bbox 1658 893 1842 944; x_wconf 87' lang='lat' dir='ltr'>calorem</span> <span class='ocrx_word' id='word_1_114' title='bbox 1854 894 2163 954; x_wconf 85' lang='lat' dir='ltr'>elementarem,</span> 
     </span>
     <span class='ocr_line' id='line_1_11' title="bbox 513 957 2166 1027; baseline 0 -18"><span class='ocrx_word' id='word_1_115' title='bbox 513 966 593 1027; x_wconf 89' lang='lat' dir='ltr'>qui</span> <span class='ocrx_word' id='word_1_116' title='bbox 611 961 671 1009; x_wconf 86' lang='lat' dir='ltr'>est</span> <span class='ocrx_word' id='word_1_117' title='bbox 681 958 790 1009; x_wconf 87' lang='lat' dir='ltr'>infra</span> <span class='ocrx_word' id='word_1_118' title='bbox 809 976 999 1008; x_wconf 87' lang='lat' dir='ltr'>naturam</span> <span class='ocrx_word' id='word_1_119' title='bbox 1012 964 1020 972; x_wconf 86' lang='grc'>’</span> <span class='ocrx_word' id='word_1_120' title='bbox 1039 957 1117 1008; x_wconf 81' lang='lat' dir='ltr'>lius</span> <span class='ocrx_word' id='word_1_121' title='bbox 1129 966 1283 1027; x_wconf 78' lang='lat' dir='ltr'>teporis</span> <span class='ocrx_word' id='word_1_122' title='bbox 1295 997 1306 1008; x_wconf 94' lang='lat'><strong>.</strong></span> <span class='ocrx_word' id='word_1_123' title='bbox 1320 966 1363 1008; x_wconf 88' lang='lat' dir='ltr'>in</span> <span class='ocrx_word' id='word_1_124' title='bbox 1386 959 1568 1008; x_wconf 87' lang='lat' dir='ltr'>obscuro</span> <span class='ocrx_word' id='word_1_125' title='bbox 1580 978 1722 1009; x_wconf 85' lang='lat' dir='ltr'>autem</span> <span class='ocrx_word' id='word_1_126' title='bbox 1736 969 1779 1009; x_wconf 74' lang='grc' dir='ltr'>δι</span> <span class='ocrx_word' id='word_1_127' title='bbox 1791 965 1834 1010; x_wconf 86' lang='lat' dir='ltr'>in</span> <span class='ocrx_word' id='word_1_128' title='bbox 1856 961 2033 1010; x_wconf 82' lang='lat' dir='ltr'>tenebris</span> <span class='ocrx_word' id='word_1_129' title='bbox 2044 959 2166 1010; x_wconf 89' lang='lat' dir='ltr'>colo-</span> 
     </span>
     <span class='ocr_line' id='line_1_12' title="bbox 513 1024 2220 1094; baseline -0.002 -19"><span class='ocrx_word' id='word_1_130' title='bbox 513 1045 576 1075; x_wconf 83' lang='lat' dir='ltr'>res</span> <span class='ocrx_word' id='word_1_131' title='bbox 588 1031 685 1075; x_wconf 73' lang='lat' dir='ltr'>aCtu</span> <span class='ocrx_word' id='word_1_132' title='bbox 707 1025 801 1075; x_wconf 87' lang='lat' dir='ltr'>sunt</span> <span class='ocrx_word' id='word_1_133' title='bbox 811 1045 899 1074; x_wconf 86' lang='lat' dir='ltr'>non</span> <span class='ocrx_word' id='word_1_134' title='bbox 909 1029 1097 1094; x_wconf 88' lang='lat' dir='ltr'>potentia</span> <span class='ocrx_word' id='word_1_135' title='bbox 1109 1050 1122 1083; x_wconf 63' lang='grc' dir='ltr'><strong>ς</strong></span> <span class='ocrx_word' id='word_1_136' title='bbox 1136 1031 1238 1093; x_wconf 88' lang='lat' dir='ltr'>quia</span> <span class='ocrx_word' id='word_1_137' title='bbox 1248 1044 1310 1074; x_wconf 79' lang='lat' dir='ltr'>res</span> <span class='ocrx_word' id='word_1_138' title='bbox 1334 1024 1534 1075; x_wconf 81' lang='lat' dir='ltr'>coloratae</span> <span class='ocrx_word' id='word_1_139' title='bbox 1546 1043 1862 1094; x_wconf 84' lang='lat' dir='ltr'>componuntur</span> <span class='ocrx_word' id='word_1_140' title='bbox 1872 1044 1923 1075; x_wconf 80' lang='lat' dir='ltr'>ex</span> <span class='ocrx_word' id='word_1_141' title='bbox 1934 1026 2166 1084; x_wconf 77' lang='lat' dir='ltr'>elementis,</span> <span class='ocrx_word' id='word_1_142' title='bbox 2189 1028 2220 1071; x_wconf 87' lang='lat' dir='ltr'>F</span> 
     </span>
     <span class='ocr_line' id='line_1_13' title="bbox 513 1090 2166 1160; baseline 0 -20"><span class='ocrx_word' id='word_1_143' title='bbox 513 1097 559 1140; x_wconf 88' lang='lat' dir='ltr'>in</span> <span class='ocrx_word' id='word_1_144' title='bbox 571 1093 725 1160; x_wconf 85' lang='lat' dir='ltr'>quibus</span> <span class='ocrx_word' id='word_1_145' title='bbox 735 1110 786 1140; x_wconf 83' lang='lat' dir='ltr'>ex</span> <span class='ocrx_word' id='word_1_146' title='bbox 795 1093 835 1141; x_wconf 91' lang='lat' dir='ltr'>se</span> <span class='ocrx_word' id='word_1_147' title='bbox 845 1107 991 1140; x_wconf 86' lang='lat' dir='ltr'>natura</span> <span class='ocrx_word' id='word_1_148' title='bbox 1004 1090 1145 1140; x_wconf 84' lang='lat' dir='ltr'>lumen</span> <span class='ocrx_word' id='word_1_149' title='bbox 1159 1092 1217 1139; x_wconf 86' lang='lat' dir='ltr'>est</span> <span class='ocrx_word' id='word_1_150' title='bbox 1230 1112 1240 1139; x_wconf 89' lang='lat'>=</span> <span class='ocrx_word' id='word_1_151' title='bbox 1252 1109 1298 1140; x_wconf 86' lang='lat' dir='ltr'>vt</span> <span class='ocrx_word' id='word_1_152' title='bbox 1309 1091 1362 1139; x_wconf 88' lang='lat' dir='ltr'>de</span> <span class='ocrx_word' id='word_1_153' title='bbox 1376 1096 1473 1158; x_wconf 82' lang='lat' dir='ltr'>igne</span> <span class='ocrx_word' id='word_1_154' title='bbox 1484 1090 1748 1159; x_wconf 86' lang='lat' dir='ltr'>exploratum</span> <span class='ocrx_word' id='word_1_155' title='bbox 1758 1094 1816 1140; x_wconf 88' lang='lat' dir='ltr'>est</span> <span class='ocrx_word' id='word_1_156' title='bbox 1824 1094 2166 1155; x_wconf 77' lang='lat' dir='ltr'>omnibus.Qd</span> 
     </span>
     <span class='ocr_line' id='line_1_14' title="bbox 512 1155 2167 1225; baseline -0.001 -17"><span class='ocrx_word' id='word_1_157' title='bbox 512 1159 569 1208; x_wconf 91' lang='lat' dir='ltr'>de</span> <span class='ocrx_word' id='word_1_158' title='bbox 587 1163 680 1206; x_wconf 67' lang='lat' dir='ltr'>acite</span> <span class='ocrx_word' id='word_1_159' title='bbox 703 1166 747 1207; x_wconf 84' lang='lat'>&amp;</span> <span class='ocrx_word' id='word_1_160' title='bbox 758 1158 813 1206; x_wconf 91' lang='lat' dir='ltr'>de</span> <span class='ocrx_word' id='word_1_161' title='bbox 843 1175 953 1225; x_wconf 89' lang='lat' dir='ltr'>aqua</span> <span class='ocrx_word' id='word_1_162' title='bbox 965 1158 1230 1206; x_wconf 85' lang='lat' dir='ltr'>statuendum</span> <span class='ocrx_word' id='word_1_163' title='bbox 1242 1193 1258 1216; x_wconf 86' lang='lat'>,</span> <span class='ocrx_word' id='word_1_164' title='bbox 1268 1155 1374 1205; x_wconf 69' lang='lat' dir='ltr'>infra</span> <span class='ocrx_word' id='word_1_165' title='bbox 1396 1158 1585 1206; x_wconf 81' lang='lat' dir='ltr'>dicemus</span> <span class='ocrx_word' id='word_1_166' title='bbox 1612 1194 1624 1207; x_wconf 87' lang='lat'><strong>.</strong></span> <span class='ocrx_word' id='word_1_167' title='bbox 1648 1157 1786 1207; x_wconf 83' lang='lat' dir='ltr'>Color</span> <span class='ocrx_word' id='word_1_168' title='bbox 1808 1163 1938 1225; x_wconf 80' lang='lat' dir='ltr'>igitur</span> <span class='ocrx_word' id='word_1_169' title='bbox 1966 1160 2025 1206; x_wconf 84' lang='lat' dir='ltr'>est</span> <span class='ocrx_word' id='word_1_170' title='bbox 2036 1175 2167 1206; x_wconf 88' lang='lat' dir='ltr'>extre-</span> 
     </span>
     <span class='ocr_line' id='line_1_15' title="bbox 511 1222 2166 1294; baseline 0 -22"><span class='ocrx_word' id='word_1_171' title='bbox 511 1241 637 1273; x_wconf 86' lang='lat' dir='ltr'>mum</span> <span class='ocrx_word' id='word_1_172' title='bbox 649 1223 845 1294; x_wconf 79' lang='lat' dir='ltr'>diaphani</span> <span class='ocrx_word' id='word_1_173' title='bbox 863 1227 1097 1281; x_wconf 78' lang='lat' dir='ltr'>terminati,</span> <span class='ocrx_word' id='word_1_174' title='bbox 1110 1241 1199 1271; x_wconf 87' lang='lat' dir='ltr'>non</span> <span class='ocrx_word' id='word_1_175' title='bbox 1215 1239 1357 1272; x_wconf 84' lang='lat' dir='ltr'>tamen</span> <span class='ocrx_word' id='word_1_176' title='bbox 1375 1222 1520 1271; x_wconf 87' lang='lat' dir='ltr'>lumen</span> <span class='ocrx_word' id='word_1_177' title='bbox 1532 1225 1613 1282; x_wconf 86' lang='lat' dir='ltr'>est,</span> <span class='ocrx_word' id='word_1_178' title='bbox 1634 1222 1709 1272; x_wconf 85' lang='lat' dir='ltr'>nifi</span> <span class='ocrx_word' id='word_1_179' title='bbox 1730 1230 2042 1292; x_wconf 80' lang='lat' dir='ltr'>participatione</span> <span class='ocrx_word' id='word_1_180' title='bbox 2063 1242 2166 1290; x_wconf 88' lang='lat' dir='ltr'>qua-</span> 
     </span>
     <span class='ocr_line' id='line_1_16' title="bbox 513 1286 2166 1358; baseline 0 -20"><span class='ocrx_word' id='word_1_181' title='bbox 513 1291 617 1338; x_wconf 86' lang='lat' dir='ltr'>dam</span> <span class='ocrx_word' id='word_1_182' title='bbox 638 1290 953 1338; x_wconf 83' lang='lat' dir='ltr'>&amp;deriuatione</span> <span class='ocrx_word' id='word_1_183' title='bbox 973 1286 1191 1337; x_wconf 65' lang='lat' dir='ltr'>alumine:</span> <span class='ocrx_word' id='word_1_184' title='bbox 1207 1290 1276 1336; x_wconf 86' lang='lat' dir='ltr'>sed</span> <span class='ocrx_word' id='word_1_185' title='bbox 1299 1290 1449 1356; x_wconf 88' lang='lat' dir='ltr'>species</span> <span class='ocrx_word' id='word_1_186' title='bbox 1464 1298 1508 1336; x_wconf 87' lang='lat'>&amp;</span> <span class='ocrx_word' id='word_1_187' title='bbox 1530 1305 1677 1338; x_wconf 80' lang='lat' dir='ltr'>natura</span> <span class='ocrx_word' id='word_1_188' title='bbox 1696 1291 1888 1357; x_wconf 80' lang='lat' dir='ltr'>quaedam</span> <span class='ocrx_word' id='word_1_189' title='bbox 1909 1292 1968 1339; x_wconf 89' lang='lat' dir='ltr'>est</span> <span class='ocrx_word' id='word_1_190' title='bbox 1988 1290 2166 1358; x_wconf 82' lang='lat' dir='ltr'>degene-</span> 
     </span>
     <span class='ocr_line' id='line_1_17' title="bbox 511 1352 2166 1423; baseline 0.001 -19"><span class='ocrx_word' id='word_1_191' title='bbox 511 1374 605 1404; x_wconf 81' lang='lat' dir='ltr'>rans</span> <span class='ocrx_word' id='word_1_192' title='bbox 623 1354 648 1404; x_wconf 67' lang='lat' dir='ltr'>a</span> <span class='ocrx_word' id='word_1_193' title='bbox 669 1354 836 1404; x_wconf 86' lang='lat' dir='ltr'>luminis</span> <span class='ocrx_word' id='word_1_194' title='bbox 859 1353 1117 1422; x_wconf 81' lang='lat' dir='ltr'>perfectione</span> <span class='ocrx_word' id='word_1_195' title='bbox 1127 1392 1137 1403; x_wconf 91' lang='lat'><em>.</em></span> <span class='ocrx_word' id='word_1_196' title='bbox 1152 1360 1225 1403; x_wconf 94' lang='lat' dir='ltr'>Du</span> <span class='ocrx_word' id='word_1_197' title='bbox 1230 1353 1346 1422; x_wconf 78' lang='lat' dir='ltr'>plicis</span> <span class='ocrx_word' id='word_1_198' title='bbox 1367 1352 1469 1402; x_wconf 67' lang='lat' dir='ltr'>vero</span> <span class='ocrx_word' id='word_1_199' title='bbox 1490 1361 1648 1420; x_wconf 82' lang='lat' dir='ltr'>generis</span> <span class='ocrx_word' id='word_1_200' title='bbox 1668 1357 1726 1403; x_wconf 84' lang='lat' dir='ltr'>est</span> <span class='ocrx_word' id='word_1_201' title='bbox 1752 1354 1874 1404; x_wconf 91' lang='lat' dir='ltr'>color</span> <span class='ocrx_word' id='word_1_202' title='bbox 1888 1394 1900 1405; x_wconf 86' lang='lat'>.</span> <span class='ocrx_word' id='word_1_203' title='bbox 1922 1360 2040 1404; x_wconf 87' lang='lat' dir='ltr'>Nam</span> <span class='ocrx_word' id='word_1_204' title='bbox 2072 1360 2166 1423; x_wconf 79' lang='lat' dir='ltr'>qui-</span> 
     </span>
     <span class='ocr_line' id='line_1_18' title="bbox 509 1418 2167 1488; baseline 0 -18"><span class='ocrx_word' id='word_1_205' title='bbox 509 1422 613 1470; x_wconf 87' lang='lat' dir='ltr'>dem</span> <span class='ocrx_word' id='word_1_206' title='bbox 635 1420 801 1469; x_wconf 80' lang='lat' dir='ltr'>colores</span> <span class='ocrx_word' id='word_1_207' title='bbox 822 1418 915 1469; x_wconf 86' lang='lat' dir='ltr'>sunt</span> <span class='ocrx_word' id='word_1_208' title='bbox 936 1420 1167 1468; x_wconf 81' lang='lat' dir='ltr'>secundum</span> <span class='ocrx_word' id='word_1_209' title='bbox 1189 1425 1472 1488; x_wconf 81' lang='lat' dir='ltr'>apparentiam</span> <span class='ocrx_word' id='word_1_210' title='bbox 1496 1418 1682 1480; x_wconf 71' lang='lat' dir='ltr'>tantum,</span> <span class='ocrx_word' id='word_1_211' title='bbox 1696 1421 1742 1470; x_wconf 88' lang='lat' dir='ltr'>id</span> <span class='ocrx_word' id='word_1_212' title='bbox 1762 1423 1822 1470; x_wconf 85' lang='lat' dir='ltr'>est</span> <span class='ocrx_word' id='word_1_213' title='bbox 1839 1458 1854 1480; x_wconf 86' lang='lat'>,</span> <span class='ocrx_word' id='word_1_214' title='bbox 1865 1427 1940 1488; x_wconf 88' lang='lat' dir='ltr'>qui</span> <span class='ocrx_word' id='word_1_215' title='bbox 1960 1422 2084 1470; x_wconf 83' lang='lat' dir='ltr'>nobis</span> <span class='ocrx_word' id='word_1_216' title='bbox 2103 1426 2167 1471; x_wconf 85' lang='lat' dir='ltr'>vi-</span> 
     </span>
     <span class='ocr_line' id='line_1_19' title="bbox 513 1484 2164 1555; baseline -0.001 -19"><span class='ocrx_word' id='word_1_217' title='bbox 513 1488 821 1536; x_wconf 78' lang='lat' dir='ltr'>deanturiness&#39;e</span> <span class='ocrx_word' id='word_1_218' title='bbox 831 1486 951 1534; x_wconf 87' lang='lat' dir='ltr'>rebus</span> <span class='ocrx_word' id='word_1_219' title='bbox 965 1522 979 1544; x_wconf 83' lang='lat'>,</span> <span class='ocrx_word' id='word_1_220' title='bbox 991 1504 1083 1534; x_wconf 86' lang='lat' dir='ltr'>non</span> <span class='ocrx_word' id='word_1_221' title='bbox 1093 1502 1236 1534; x_wconf 88' lang='lat' dir='ltr'>tamen</span> <span class='ocrx_word' id='word_1_222' title='bbox 1244 1484 1368 1534; x_wconf 86' lang='lat' dir='ltr'>infint</span> <span class='ocrx_word' id='word_1_223' title='bbox 1380 1523 1390 1534; x_wconf 92' lang='lat'><strong>.</strong></span> <span class='ocrx_word' id='word_1_224' title='bbox 1406 1485 1618 1535; x_wconf 85' lang='lat' dir='ltr'>Nonnulli</span> <span class='ocrx_word' id='word_1_225' title='bbox 1636 1485 1734 1535; x_wconf 64' lang='lat' dir='ltr'>vero</span> <span class='ocrx_word' id='word_1_226' title='bbox 1747 1486 1972 1555; x_wconf 61' lang='lat' dir='ltr'>perfeetam</span> <span class='ocrx_word' id='word_1_227' title='bbox 1985 1487 2164 1554; x_wconf 90' lang='lat' dir='ltr'>speciem</span> 
     </span>
     <span class='ocr_line' id='line_1_20' title="bbox 511 1550 2162 1609; baseline -0.001 -8"><span class='ocrx_word' id='word_1_228' title='bbox 511 1551 669 1601; x_wconf 87' lang='lat' dir='ltr'>habent</span> <span class='ocrx_word' id='word_1_229' title='bbox 689 1558 733 1601; x_wconf 88' lang='lat' dir='ltr'>in</span> <span class='ocrx_word' id='word_1_230' title='bbox 743 1553 885 1609; x_wconf 73' lang='lat' dir='ltr'>rebus3</span> <span class='ocrx_word' id='word_1_231' title='bbox 900 1560 944 1600; x_wconf 75' lang='grc' dir='ltr'>δε</span> <span class='ocrx_word' id='word_1_232' title='bbox 965 1551 1065 1600; x_wconf 71' lang='lat' dir='ltr'>vere</span> <span class='ocrx_word' id='word_1_233' title='bbox 1078 1586 1093 1605; x_wconf 82' lang='lat'>‚</span> <span class='ocrx_word' id='word_1_234' title='bbox 1104 1570 1192 1599; x_wconf 87' lang='lat' dir='ltr'>non</span> <span class='ocrx_word' id='word_1_235' title='bbox 1208 1570 1258 1599; x_wconf 87' lang='lat' dir='ltr'>ex</span> <span class='ocrx_word' id='word_1_236' title='bbox 1279 1550 1506 1600; x_wconf 85' lang='lat' dir='ltr'>oculorum</span> <span class='ocrx_word' id='word_1_237' title='bbox 1518 1551 1710 1600; x_wconf 83' lang='lat' dir='ltr'>illecebra</span> <span class='ocrx_word' id='word_1_238' title='bbox 1731 1571 1794 1600; x_wconf 85' lang='lat' dir='ltr'>res</span> <span class='ocrx_word' id='word_1_239' title='bbox 1808 1552 1966 1602; x_wconf 73' lang='lat' dir='ltr'>affectae</span> <span class='ocrx_word' id='word_1_240' title='bbox 1974 1554 2070 1601; x_wconf 87' lang='lat' dir='ltr'>sunt</span> <span class='ocrx_word' id='word_1_241' title='bbox 2080 1552 2162 1601; x_wconf 84' lang='lat' dir='ltr'>illis</span> 
     </span>
     <span class='ocr_line' id='line_1_21' title="bbox 513 1616 2166 1686; baseline 0.001 -20"><span class='ocrx_word' id='word_1_242' title='bbox 513 1617 729 1669; x_wconf 83' lang='lat' dir='ltr'>coloribus</span> <span class='ocrx_word' id='word_1_243' title='bbox 743 1655 753 1666; x_wconf 90' lang='lat'><em>.</em></span> <span class='ocrx_word' id='word_1_244' title='bbox 769 1622 897 1666; x_wconf 82' lang='lat' dir='ltr'>Primi</span> <span class='ocrx_word' id='word_1_245' title='bbox 907 1622 1066 1684; x_wconf 84' lang='lat' dir='ltr'>generis</span> <span class='ocrx_word' id='word_1_246' title='bbox 1077 1616 1242 1665; x_wconf 85' lang='lat' dir='ltr'>colores</span> <span class='ocrx_word' id='word_1_247' title='bbox 1253 1616 1314 1666; x_wconf 83' lang='lat' dir='ltr'>illi</span> <span class='ocrx_word' id='word_1_248' title='bbox 1324 1618 1582 1684; x_wconf 84' lang='lat' dir='ltr'>sunt‚quibus</span> <span class='ocrx_word' id='word_1_249' title='bbox 1592 1617 1696 1667; x_wconf 82' lang='lat' dir='ltr'>visus</span> <span class='ocrx_word' id='word_1_250' title='bbox 1712 1618 1892 1667; x_wconf 88' lang='lat' dir='ltr'>eluditur</span> <span class='ocrx_word' id='word_1_251' title='bbox 1900 1656 1912 1667; x_wconf 87' lang='lat'><strong><em>.</em></strong></span> <span class='ocrx_word' id='word_1_252' title='bbox 1924 1623 2042 1667; x_wconf 88' lang='lat' dir='ltr'>Nam</span> <span class='ocrx_word' id='word_1_253' title='bbox 2053 1637 2166 1686; x_wconf 88' lang='lat' dir='ltr'>quo-</span> 
     </span>
     <span class='ocr_line' id='line_1_22' title="bbox 511 1682 2162 1751; baseline 0 -18"><span class='ocrx_word' id='word_1_254' title='bbox 511 1689 629 1733; x_wconf 86' lang='lat' dir='ltr'>niam</span> <span class='ocrx_word' id='word_1_255' title='bbox 641 1683 761 1733; x_wconf 87' lang='lat' dir='ltr'>color</span> <span class='ocrx_word' id='word_1_256' title='bbox 781 1684 839 1732; x_wconf 85' lang='lat' dir='ltr'>est</span> <span class='ocrx_word' id='word_1_257' title='bbox 848 1700 1083 1732; x_wconf 85' lang='lat' dir='ltr'>extremum</span> <span class='ocrx_word' id='word_1_258' title='bbox 1097 1684 1165 1731; x_wconf 56' lang='lat' dir='ltr'>dia,</span> <span class='ocrx_word' id='word_1_259' title='bbox 1195 1682 1293 1730; x_wconf 85' lang='lat' dir='ltr'>bani</span> <span class='ocrx_word' id='word_1_260' title='bbox 1304 1688 1516 1732; x_wconf 85' lang='lat' dir='ltr'>terminati</span> <span class='ocrx_word' id='word_1_261' title='bbox 1526 1709 1538 1742; x_wconf 70' lang='lat'>3</span> <span class='ocrx_word' id='word_1_262' title='bbox 1548 1689 1756 1751; x_wconf 85' lang='lat' dir='ltr'>contingit</span> <span class='ocrx_word' id='word_1_263' title='bbox 1766 1686 1976 1733; x_wconf 87' lang='lat' dir='ltr'>interdurn</span> <span class='ocrx_word' id='word_1_264' title='bbox 1986 1722 1998 1743; x_wconf 89' lang='lat'>,</span> <span class='ocrx_word' id='word_1_265' title='bbox 2013 1703 2058 1734; x_wconf 85' lang='lat' dir='ltr'>vt</span> <span class='ocrx_word' id='word_1_266' title='bbox 2075 1686 2162 1733; x_wconf 87' lang='lat' dir='ltr'>dia·</span> 
     </span>
     <span class='ocr_line' id='line_1_23' title="bbox 511 1748 2226 1819; baseline 0.001 -20"><span class='ocrx_word' id='word_1_267' title='bbox 511 1750 701 1819; x_wconf 83' lang='lat' dir='ltr'>phanum</span> <span class='ocrx_word' id='word_1_268' title='bbox 713 1768 757 1797; x_wconf 87' lang='lat' dir='ltr'>re</span> <span class='ocrx_word' id='word_1_269' title='bbox 767 1768 863 1798; x_wconf 82' lang='lat' dir='ltr'>vera</span> <span class='ocrx_word' id='word_1_270' title='bbox 873 1748 1145 1798; x_wconf 66' lang='lat' dir='ltr'>interminatust</span> <span class='ocrx_word' id='word_1_271' title='bbox 1175 1765 1272 1804; x_wconf 71' lang='lat' dir='ltr'>mac</span> <span class='ocrx_word' id='word_1_272' title='bbox 1288 1766 1504 1816; x_wconf 83' lang='lat' dir='ltr'>propterea</span> <span class='ocrx_word' id='word_1_273' title='bbox 1516 1767 1558 1798; x_wconf 89' lang='lat' dir='ltr'>re</span> <span class='ocrx_word' id='word_1_274' title='bbox 1568 1748 1732 1798; x_wconf 84' lang='lat' dir='ltr'>nullum</span> <span class='ocrx_word' id='word_1_275' title='bbox 1744 1752 1926 1798; x_wconf 67' lang='lat' dir='ltr'>terminu</span> <span class='ocrx_word' id='word_1_276' title='bbox 1940 1751 2160 1808; x_wconf 76' lang='lat' dir='ltr'>habeat-,ac</span> <span class='ocrx_word' id='word_1_277' title='bbox 2182 1754 2226 1800; x_wconf 89' lang='lat' dir='ltr'>G</span> 
     </span>
     <span class='ocr_line' id='line_1_24' title="bbox 511 1813 2160 1865; baseline 0 -1"><span class='ocrx_word' id='word_1_278' title='bbox 511 1817 612 1865; x_wconf 88' lang='lat' dir='ltr'>ideo</span> <span class='ocrx_word' id='word_1_279' title='bbox 635 1814 803 1864; x_wconf 83' lang='lat' dir='ltr'>nullum</span> <span class='ocrx_word' id='word_1_280' title='bbox 833 1814 1053 1864; x_wconf 87' lang='lat' dir='ltr'>colorem.</span> <span class='ocrx_word' id='word_1_281' title='bbox 1069 1813 1191 1862; x_wconf 88' lang='lat' dir='ltr'>color</span> <span class='ocrx_word' id='word_1_282' title='bbox 1211 1819 1367 1862; x_wconf 84' lang='lat' dir='ltr'>etenim</span> <span class='ocrx_word' id='word_1_283' title='bbox 1386 1830 1619 1862; x_wconf 84' lang='lat' dir='ltr'>extremum</span> <span class='ocrx_word' id='word_1_284' title='bbox 1633 1818 1692 1863; x_wconf 85' lang='lat' dir='ltr'>est</span> <span class='ocrx_word' id='word_1_285' title='bbox 1714 1825 1756 1863; x_wconf 84' lang='lat'>&amp;</span> <span class='ocrx_word' id='word_1_286' title='bbox 1770 1822 1990 1864; x_wconf 86' lang='lat' dir='ltr'>terminus.</span> <span class='ocrx_word' id='word_1_287' title='bbox 2014 1818 2160 1864; x_wconf 87' lang='lat' dir='ltr'>Nobis</span> 
     </span>
     <span class='ocr_line' id='line_1_25' title="bbox 513 1879 2162 1947; baseline 0 -17"><span class='ocrx_word' id='word_1_288' title='bbox 513 1881 615 1931; x_wconf 69' lang='lat' dir='ltr'>vero</span> <span class='ocrx_word' id='word_1_289' title='bbox 637 1882 697 1929; x_wconf 90' lang='lat' dir='ltr'>ob</span> <span class='ocrx_word' id='word_1_290' title='bbox 725 1881 914 1929; x_wconf 85' lang='lat' dir='ltr'>accidens</span> <span class='ocrx_word' id='word_1_291' title='bbox 939 1879 1115 1947; x_wconf 80' lang='lat' dir='ltr'>aliquod</span> <span class='ocrx_word' id='word_1_292' title='bbox 1135 1879 1391 1947; x_wconf 81' lang='lat' dir='ltr'>diaphanum</span> <span class='ocrx_word' id='word_1_293' title='bbox 1412 1879 1516 1928; x_wconf 88' lang='lat' dir='ltr'>illud</span> <span class='ocrx_word' id='word_1_294' title='bbox 1528 1882 1740 1928; x_wconf 83' lang='lat' dir='ltr'>videbitur</span> <span class='ocrx_word' id='word_1_295' title='bbox 1760 1887 1984 1930; x_wconf 86' lang='lat' dir='ltr'>terminum</span> <span class='ocrx_word' id='word_1_296' title='bbox 1996 1881 2162 1941; x_wconf 82' lang='lat' dir='ltr'>habere,</span> 
     </span>
     <span class='ocr_line' id='line_1_26' title="bbox 511 1944 2157 2015; baseline 0.001 -20"><span class='ocrx_word' id='word_1_297' title='bbox 511 1951 583 1996; x_wconf 75' lang='lat' dir='ltr'>stu</span> <span class='ocrx_word' id='word_1_298' title='bbox 595 1944 715 2015; x_wconf 67' lang='lat' dir='ltr'>quod</span> <span class='ocrx_word' id='word_1_299' title='bbox 737 1947 903 1995; x_wconf 84' lang='lat' dir='ltr'>deficiat</span> <span class='ocrx_word' id='word_1_300' title='bbox 913 1946 1021 1994; x_wconf 80' lang='lat' dir='ltr'>visus</span> <span class='ocrx_word' id='word_1_301' title='bbox 1031 1983 1043 2004; x_wconf 88' lang='lat'>,</span> <span class='ocrx_word' id='word_1_302' title='bbox 1063 1964 1199 2013; x_wconf 86' lang='lat' dir='ltr'>neque</span> <span class='ocrx_word' id='word_1_303' title='bbox 1211 1944 1316 1993; x_wconf 80' lang='lat' dir='ltr'>vltra</span> <span class='ocrx_word' id='word_1_304' title='bbox 1328 1963 1488 1994; x_wconf 82' lang='lat' dir='ltr'>certum</span> <span class='ocrx_word' id='word_1_305' title='bbox 1502 1952 1730 1994; x_wconf 75' lang='lat' dir='ltr'>terminum</span> <span class='ocrx_word' id='word_1_306' title='bbox 1740 1948 1906 1995; x_wconf 80' lang='lat' dir='ltr'>extendi</span> <span class='ocrx_word' id='word_1_307' title='bbox 1924 1964 2070 2014; x_wconf 87' lang='lat' dir='ltr'>queat,</span> <span class='ocrx_word' id='word_1_308' title='bbox 2085 1950 2157 1996; x_wconf 87' lang='lat' dir='ltr'>scd</span> 
     </span>
     <span class='ocr_line' id='line_1_27' title="bbox 513 2010 2163 2081; baseline 0.001 -21"><span class='ocrx_word' id='word_1_309' title='bbox 513 2018 558 2060; x_wconf 90' lang='lat' dir='ltr'>in</span> <span class='ocrx_word' id='word_1_310' title='bbox 569 2032 622 2062; x_wconf 92' lang='lat' dir='ltr'>eo</span> <span class='ocrx_word' id='word_1_311' title='bbox 635 2013 785 2079; x_wconf 79' lang='lat' dir='ltr'>figatur</span> <span class='ocrx_word' id='word_1_312' title='bbox 799 2033 809 2059; x_wconf 70' lang='lat' dir='ltr'>a</span> <span class='ocrx_word' id='word_1_313' title='bbox 823 2011 907 2060; x_wconf 81' lang='lat' dir='ltr'>siue</span> <span class='ocrx_word' id='word_1_314' title='bbox 917 2013 977 2060; x_wconf 90' lang='lat' dir='ltr'>ob</span> <span class='ocrx_word' id='word_1_315' title='bbox 989 2010 1114 2060; x_wconf 85' lang='lat' dir='ltr'>aliam</span> <span class='ocrx_word' id='word_1_316' title='bbox 1128 2012 1343 2078; x_wconf 83' lang='lat' dir='ltr'>quandam</span> <span class='ocrx_word' id='word_1_317' title='bbox 1355 2029 1429 2058; x_wconf 87' lang='lat' dir='ltr'>cau</span> <span class='ocrx_word' id='word_1_318' title='bbox 1436 2012 1520 2059; x_wconf 81' lang='lat' dir='ltr'>sam</span> <span class='ocrx_word' id='word_1_319' title='bbox 1534 2050 1545 2059; x_wconf 92' lang='lat'><strong>.</strong></span> <span class='ocrx_word' id='word_1_320' title='bbox 1568 2016 1694 2060; x_wconf 84' lang='lat' dir='ltr'>Tunc</span> <span class='ocrx_word' id='word_1_321' title='bbox 1704 2018 1848 2079; x_wconf 73' lang='lat' dir='ltr'>vtique</span> <span class='ocrx_word' id='word_1_322' title='bbox 1859 2014 1982 2060; x_wconf 87' lang='lat' dir='ltr'>nobis</span> <span class='ocrx_word' id='word_1_323' title='bbox 1995 2030 2163 2081; x_wconf 82' lang='lat' dir='ltr'>apparet</span> 
     </span>
     <span class='ocr_line' id='line_1_28' title="bbox 512 2074 2160 2146; baseline 0 -20"><span class='ocrx_word' id='word_1_324' title='bbox 512 2084 557 2126; x_wconf 86' lang='lat' dir='ltr'>in</span> <span class='ocrx_word' id='word_1_325' title='bbox 569 2097 623 2126; x_wconf 88' lang='lat' dir='ltr'>eo</span> <span class='ocrx_word' id='word_1_326' title='bbox 635 2077 847 2145; x_wconf 82' lang='lat' dir='ltr'>diaphano</span> <span class='ocrx_word' id='word_1_327' title='bbox 861 2094 991 2126; x_wconf 87' lang='lat' dir='ltr'>certus</span> <span class='ocrx_word' id='word_1_328' title='bbox 1009 2078 1181 2145; x_wconf 87' lang='lat' dir='ltr'>quidem</span> <span class='ocrx_word' id='word_1_329' title='bbox 1195 2077 1318 2125; x_wconf 84' lang='lat' dir='ltr'>color</span> <span class='ocrx_word' id='word_1_330' title='bbox 1328 2114 1341 2135; x_wconf 91' lang='lat'>,</span> <span class='ocrx_word' id='word_1_331' title='bbox 1353 2074 1548 2124; x_wconf 77' lang='lat' dir='ltr'>caerulcus</span> <span class='ocrx_word' id='word_1_332' title='bbox 1560 2079 1748 2144; x_wconf 84' lang='lat' dir='ltr'>inquam,</span> <span class='ocrx_word' id='word_1_333' title='bbox 1760 2094 1831 2126; x_wconf 83' lang='lat' dir='ltr'>aut</span> <span class='ocrx_word' id='word_1_334' title='bbox 1844 2096 2068 2146; x_wconf 71' lang='lat' dir='ltr'>purpureus</span> <span class='ocrx_word' id='word_1_335' title='bbox 2112 2097 2160 2126; x_wconf 89' lang='lat' dir='ltr'>ro</span> 
     </span>
     <span class='ocr_line' id='line_1_29' title="bbox 513 2097 2159 2211; baseline 0 -19"><span class='ocrx_word' id='word_1_336' title='bbox 513 2143 715 2210; x_wconf 85' lang='lat' dir='ltr'>qualitate</span> <span class='ocrx_word' id='word_1_337' title='bbox 735 2142 887 2192; x_wconf 79' lang='lat' dir='ltr'>scilicet</span> <span class='ocrx_word' id='word_1_338' title='bbox 906 2143 1100 2210; x_wconf 84' lang='lat' dir='ltr'>diaphani</span> <span class='ocrx_word' id='word_1_339' title='bbox 1111 2168 1122 2201; x_wconf 86' lang='lat'>;</span> <span class='ocrx_word' id='word_1_340' title='bbox 1134 2146 1209 2211; x_wconf 88' lang='lat' dir='ltr'>qui</span> <span class='ocrx_word' id='word_1_341' title='bbox 1230 2159 1369 2190; x_wconf 88' lang='lat' dir='ltr'>tamen</span> <span class='ocrx_word' id='word_1_342' title='bbox 1390 2160 1531 2190; x_wconf 83' lang='lat' dir='ltr'>reuera</span> <span class='ocrx_word' id='word_1_343' title='bbox 1552 2161 1640 2190; x_wconf 87' lang='lat' dir='ltr'>non</span> <span class='ocrx_word' id='word_1_344' title='bbox 1662 2144 1720 2190; x_wconf 85' lang='lat' dir='ltr'>est</span> <span class='ocrx_word' id='word_1_345' title='bbox 1732 2181 1742 2191; x_wconf 83' lang='lat'><em>.</em></span> <span class='ocrx_word' id='word_1_346' title='bbox 1756 2143 1876 2191; x_wconf 85' lang='lat' dir='ltr'>Nihil</span> <span class='ocrx_word' id='word_1_347' title='bbox 1900 2150 2010 2192; x_wconf 88' lang='lat' dir='ltr'>enim</span> <span class='ocrx_word' id='word_1_348' title='bbox 2024 2097 2159 2202; x_wconf 49' lang='lat' dir='ltr'>reign,</span> 
     </span>
     <span class='ocr_line' id='line_1_30' title="bbox 513 2207 2160 2278; baseline -0.001 -20"><span class='ocrx_word' id='word_1_349' title='bbox 513 2226 725 2276; x_wconf 87' lang='lat' dir='ltr'>quantum</span> <span class='ocrx_word' id='word_1_350' title='bbox 735 2210 787 2257; x_wconf 83' lang='lat' dir='ltr'>ad</span> <span class='ocrx_word' id='word_1_351' title='bbox 809 2214 1094 2277; x_wconf 86' lang='lat' dir='ltr'>apparentiam&#39;</span> <span class='ocrx_word' id='word_1_352' title='bbox 1106 2213 1281 2275; x_wconf 83' lang='lat' dir='ltr'>pertinet</span> <span class='ocrx_word' id='word_1_353' title='bbox 1291 2243 1305 2266; x_wconf 88' lang='lat'>,</span> <span class='ocrx_word' id='word_1_354' title='bbox 1317 2226 1369 2255; x_wconf 86' lang='lat' dir='ltr'>an</span> <span class='ocrx_word' id='word_1_355' title='bbox 1384 2207 1432 2255; x_wconf 84' lang='lat' dir='ltr'>fir</span> <span class='ocrx_word' id='word_1_356' title='bbox 1444 2213 1485 2255; x_wconf 93' lang='lat' dir='ltr'>in</span> <span class='ocrx_word' id='word_1_357' title='bbox 1496 2227 1548 2255; x_wconf 93' lang='lat' dir='ltr'>eo</span> <span class='ocrx_word' id='word_1_358' title='bbox 1560 2209 1770 2275; x_wconf 79' lang='lat' dir='ltr'>diaphano</span> <span class='ocrx_word' id='word_1_359' title='bbox 1783 2214 1964 2277; x_wconf 79' lang='lat' dir='ltr'>opacitas</span> <span class='ocrx_word' id='word_1_360' title='bbox 1976 2246 1988 2267; x_wconf 80' lang='lat'>,</span> <span class='ocrx_word' id='word_1_361' title='bbox 2002 2228 2050 2258; x_wconf 87' lang='lat' dir='ltr'>ac</span> <span class='ocrx_word' id='word_1_362' title='bbox 2062 2228 2160 2278; x_wconf 83' lang='lat' dir='ltr'>pro-</span> 
     </span>
     <span class='ocr_line' id='line_1_31' title="bbox 513 2273 2160 2344; baseline 0 -21"><span class='ocrx_word' id='word_1_363' title='bbox 513 2293 655 2344; x_wconf 84' lang='lat' dir='ltr'>pterea</span> <span class='ocrx_word' id='word_1_364' title='bbox 675 2279 828 2322; x_wconf 82' lang='lat' dir='ltr'>mixtio</span> <span class='ocrx_word' id='word_1_365' title='bbox 851 2274 1017 2322; x_wconf 86' lang='lat' dir='ltr'>luminis</span> <span class='ocrx_word' id='word_1_366' title='bbox 1037 2292 1135 2321; x_wconf 86' lang='lat' dir='ltr'>cum</span> <span class='ocrx_word' id='word_1_367' title='bbox 1155 2292 1294 2340; x_wconf 85' lang='lat' dir='ltr'>opaco</span> <span class='ocrx_word' id='word_1_368' title='bbox 1312 2282 1355 2321; x_wconf 88' lang='lat'>&amp;</span> <span class='ocrx_word' id='word_1_369' title='bbox 1369 2278 1568 2321; x_wconf 85' lang='lat' dir='ltr'>terminus</span> <span class='ocrx_word' id='word_1_370' title='bbox 1586 2273 1652 2320; x_wconf 82' lang='lat' dir='ltr'>dia</span> <span class='ocrx_word' id='word_1_371' title='bbox 1684 2273 1864 2332; x_wconf 78' lang='lat' dir='ltr'>bani-‚an</span> <span class='ocrx_word' id='word_1_372' title='bbox 1888 2294 1930 2323; x_wconf 88' lang='lat' dir='ltr'>re</span> <span class='ocrx_word' id='word_1_373' title='bbox 1954 2293 2050 2323; x_wconf 83' lang='lat' dir='ltr'>vera</span> <span class='ocrx_word' id='word_1_374' title='bbox 2070 2294 2160 2324; x_wconf 86' lang='lat' dir='ltr'>non</span> 
     </span>
     <span class='ocr_line' id='line_1_32' title="bbox 515 2292 2160 2406; baseline -0.001 -17"><span class='ocrx_word' id='word_1_375' title='bbox 515 2340 565 2389; x_wconf 76' lang='lat' dir='ltr'>sit</span> <span class='ocrx_word' id='word_1_376' title='bbox 577 2378 589 2398; x_wconf 86' lang='lat'>,</span> <span class='ocrx_word' id='word_1_377' title='bbox 603 2341 669 2390; x_wconf 90' lang='lat' dir='ltr'>sed</span> <span class='ocrx_word' id='word_1_378' title='bbox 693 2341 817 2388; x_wconf 82' lang='lat' dir='ltr'>nobis</span> <span class='ocrx_word' id='word_1_379' title='bbox 839 2342 899 2388; x_wconf 91' lang='lat' dir='ltr'>ob</span> <span class='ocrx_word' id='word_1_380' title='bbox 911 2339 1099 2388; x_wconf 85' lang='lat' dir='ltr'>accidens</span> <span class='ocrx_word' id='word_1_381' title='bbox 1115 2338 1293 2406; x_wconf 83' lang='lat' dir='ltr'>aliquod</span> <span class='ocrx_word' id='word_1_382' title='bbox 1304 2340 1382 2387; x_wconf 86' lang='lat' dir='ltr'>esse</span> <span class='ocrx_word' id='word_1_383' title='bbox 1392 2339 1592 2387; x_wconf 82' lang='lat' dir='ltr'>videatur.</span> <span class='ocrx_word' id='word_1_384' title='bbox 1606 2292 1768 2387; x_wconf 53' lang='lat' dir='ltr'>colores</span> <span class='ocrx_word' id='word_1_385' title='bbox 1782 2346 1904 2406; x_wconf 84' lang='lat' dir='ltr'>igitur</span> <span class='ocrx_word' id='word_1_386' title='bbox 1914 2340 2036 2388; x_wconf 84' lang='lat' dir='ltr'>huius</span> <span class='ocrx_word' id='word_1_387' title='bbox 2045 2342 2160 2388; x_wconf 86' lang='lat' dir='ltr'>ordi-</span> 
     </span>
     <span class='ocr_line' id='line_1_33' title="bbox 512 2402 2154 2473; baseline -0.001 -18"><span class='ocrx_word' id='word_1_388' title='bbox 512 2412 575 2455; x_wconf 84' lang='lat' dir='ltr'>nis</span> <span class='ocrx_word' id='word_1_389' title='bbox 589 2407 669 2454; x_wconf 76' lang='lat' dir='ltr'>csse</span> <span class='ocrx_word' id='word_1_390' title='bbox 683 2422 877 2473; x_wconf 86' lang='lat' dir='ltr'>apparent</span> <span class='ocrx_word' id='word_1_391' title='bbox 887 2403 1013 2464; x_wconf 65' lang='lat' dir='ltr'>,cum</span> <span class='ocrx_word' id='word_1_392' title='bbox 1026 2422 1165 2453; x_wconf 85' lang='lat' dir='ltr'>tamen</span> <span class='ocrx_word' id='word_1_393' title='bbox 1185 2423 1274 2451; x_wconf 88' lang='lat' dir='ltr'>non</span> <span class='ocrx_word' id='word_1_394' title='bbox 1288 2402 1386 2462; x_wconf 80' lang='lat' dir='ltr'>fint;</span> <span class='ocrx_word' id='word_1_395' title='bbox 1400 2403 1662 2470; x_wconf 71' lang='lat' dir='ltr'>pendentque</span> <span class='ocrx_word' id='word_1_396' title='bbox 1674 2425 1722 2452; x_wconf 81' lang='lat' dir='ltr'>cx</span> <span class='ocrx_word' id='word_1_397' title='bbox 1732 2406 1890 2454; x_wconf 84' lang='lat' dir='ltr'>lumine</span> <span class='ocrx_word' id='word_1_398' title='bbox 1910 2406 2154 2455; x_wconf 79' lang='lat' dir='ltr'>extrinsecus</span> 
     </span>
     <span class='ocr_line' id='line_1_34' title="bbox 515 2469 2251 2538; baseline -0.002 -17"><span class='ocrx_word' id='word_1_399' title='bbox 515 2472 715 2522; x_wconf 86' lang='lat' dir='ltr'>influente</span> <span class='ocrx_word' id='word_1_400' title='bbox 725 2477 769 2519; x_wconf 89' lang='lat' dir='ltr'>in</span> <span class='ocrx_word' id='word_1_401' title='bbox 791 2470 1045 2538; x_wconf 82' lang='lat' dir='ltr'>diaphanum</span> <span class='ocrx_word' id='word_1_402' title='bbox 1059 2469 1161 2518; x_wconf 86' lang='lat' dir='ltr'>illud</span> <span class='ocrx_word' id='word_1_403' title='bbox 1173 2505 1185 2527; x_wconf 90' lang='lat'>,</span> <span class='ocrx_word' id='word_1_404' title='bbox 1203 2479 1246 2517; x_wconf 85' lang='lat'>&amp;</span> <span class='ocrx_word' id='word_1_405' title='bbox 1268 2474 1424 2517; x_wconf 82' lang='lat' dir='ltr'>variam</span> <span class='ocrx_word' id='word_1_406' title='bbox 1446 2470 1624 2536; x_wconf 87' lang='lat' dir='ltr'>speciem</span> <span class='ocrx_word' id='word_1_407' title='bbox 1646 2472 1826 2538; x_wconf 83' lang='lat' dir='ltr'>praebent</span> <span class='ocrx_word' id='word_1_408' title='bbox 1836 2490 1912 2538; x_wconf 84' lang='lat' dir='ltr'>pro</span> <span class='ocrx_word' id='word_1_409' title='bbox 1944 2476 2082 2538; x_wconf 70' lang='lat' dir='ltr'>inquis</span> <span class='ocrx_word' id='word_1_410' title='bbox 2096 2490 2160 2520; x_wconf 81' lang='lat' dir='ltr'>re·</span> <span class='ocrx_word' id='word_1_411' title='bbox 2203 2472 2251 2518; x_wconf 89' lang='lat' dir='ltr'>H</span> 
     </span>
     <span class='ocr_line' id='line_1_35' title="bbox 515 2490 2158 2602; baseline -0.001 -16"><span class='ocrx_word' id='word_1_412' title='bbox 515 2536 695 2586; x_wconf 76' lang='lat' dir='ltr'>motisve</span> <span class='ocrx_word' id='word_1_413' title='bbox 717 2535 887 2601; x_wconf 67' lang='lat' dir='ltr'>oblique</span> <span class='ocrx_word' id='word_1_414' title='bbox 909 2546 953 2584; x_wconf 83' lang='lat'>&amp;</span> <span class='ocrx_word' id='word_1_415' title='bbox 975 2535 1084 2584; x_wconf 61' lang='lat' dir='ltr'>redte</span> <span class='ocrx_word' id='word_1_416' title='bbox 1104 2535 1392 2602; x_wconf 62' lang='lat' dir='ltr'>spectantibus.</span> <span class='ocrx_word' id='word_1_417' title='bbox 1433 2540 1490 2583; x_wconf 86' lang='lat' dir='ltr'>Ea</span> <span class='ocrx_word' id='word_1_418' title='bbox 1498 2537 1550 2583; x_wconf 87' lang='lat' dir='ltr'>de</span> <span class='ocrx_word' id='word_1_419' title='bbox 1562 2537 1680 2584; x_wconf 80' lang='lat' dir='ltr'>causa</span> <span class='ocrx_word' id='word_1_420' title='bbox 1690 2535 1847 2584; x_wconf 82' lang='lat' dir='ltr'>coelurn</span> <span class='ocrx_word' id='word_1_421' title='bbox 1858 2490 2022 2585; x_wconf 46' lang='lat' dir='ltr'>videtur</span> <span class='ocrx_word' id='word_1_422' title='bbox 2032 2554 2158 2586; x_wconf 78' lang='lat' dir='ltr'>caeru-</span> 
     </span>
     <span class='ocr_line' id='line_1_36' title="bbox 515 2599 2158 2670; baseline 0 -19"><span class='ocrx_word' id='word_1_423' title='bbox 515 2603 629 2653; x_wconf 85' lang='lat' dir='ltr'>lcum</span> <span class='ocrx_word' id='word_1_424' title='bbox 641 2639 654 2660; x_wconf 90' lang='lat'>,</span> <span class='ocrx_word' id='word_1_425' title='bbox 666 2601 853 2670; x_wconf 69' lang='lat' dir='ltr'>itemque</span> <span class='ocrx_word' id='word_1_426' title='bbox 865 2601 991 2650; x_wconf 84' lang='lat' dir='ltr'>colles</span> <span class='ocrx_word' id='word_1_427' title='bbox 1009 2610 1051 2650; x_wconf 69' lang='grc' dir='ltr'>δε</span> <span class='ocrx_word' id='word_1_428' title='bbox 1065 2617 1232 2649; x_wconf 81' lang='lat' dir='ltr'>montes</span> <span class='ocrx_word' id='word_1_429' title='bbox 1242 2638 1256 2659; x_wconf 88' lang='lat'>,</span> <span class='ocrx_word' id='word_1_430' title='bbox 1272 2599 1300 2648; x_wconf 81' lang='lat' dir='ltr'>fi</span> <span class='ocrx_word' id='word_1_431' title='bbox 1314 2601 1462 2648; x_wconf 87' lang='lat' dir='ltr'>distent</span> <span class='ocrx_word' id='word_1_432' title='bbox 1478 2599 1662 2648; x_wconf 67' lang='lat' dir='ltr'>multum</span> <span class='ocrx_word' id='word_1_433' title='bbox 1676 2600 1700 2648; x_wconf 81' lang='lat' dir='ltr'>:i</span> <span class='ocrx_word' id='word_1_434' title='bbox 1710 2602 1832 2650; x_wconf 85' lang='lat' dir='ltr'>nobis</span> <span class='ocrx_word' id='word_1_435' title='bbox 1842 2638 1856 2660; x_wconf 76' lang='lat'>‚</span> <span class='ocrx_word' id='word_1_436' title='bbox 1866 2620 1948 2670; x_wconf 72' lang='lat' dir='ltr'>prat</span> <span class='ocrx_word' id='word_1_437' title='bbox 1960 2606 1998 2650; x_wconf 88' lang='lat' dir='ltr'>se</span> <span class='ocrx_word' id='word_1_438' title='bbox 2017 2604 2158 2651; x_wconf 85' lang='lat' dir='ltr'>ferunt</span> 
     </span>
     <span class='ocr_line' id='line_1_37' title="bbox 518 2665 2158 2736; baseline -0.001 -19"><span class='ocrx_word' id='word_1_439' title='bbox 518 2668 711 2717; x_wconf 87' lang='lat' dir='ltr'>colorem</span> <span class='ocrx_word' id='word_1_440' title='bbox 729 2667 949 2716; x_wconf 85' lang='lat' dir='ltr'>caeruleum</span> <span class='ocrx_word' id='word_1_441' title='bbox 961 2702 975 2721; x_wconf 84' lang='lat'>‚</span> <span class='ocrx_word' id='word_1_442' title='bbox 987 2665 1282 2734; x_wconf 67' lang='lat' dir='ltr'>interdumque</span> <span class='ocrx_word' id='word_1_443' title='bbox 1300 2684 1506 2731; x_wconf 81' lang='lat' dir='ltr'>cyaneum</span> <span class='ocrx_word' id='word_1_444' title='bbox 1518 2702 1528 2713; x_wconf 93' lang='lat'><strong>.</strong></span> <span class='ocrx_word' id='word_1_445' title='bbox 1540 2667 1748 2716; x_wconf 71' lang='lat' dir='ltr'>dil-‘sciente</span> <span class='ocrx_word' id='word_1_446' title='bbox 1768 2673 1882 2716; x_wconf 77' lang='lat' dir='ltr'>enlm</span> <span class='ocrx_word' id='word_1_447' title='bbox 1904 2668 1988 2716; x_wconf 80' lang='lat' dir='ltr'>visu</span> <span class='ocrx_word' id='word_1_448' title='bbox 2000 2670 2060 2715; x_wconf 87' lang='lat' dir='ltr'>ob</span> <span class='ocrx_word' id='word_1_449' title='bbox 2070 2668 2158 2736; x_wconf 86' lang='lat' dir='ltr'>spa-</span> 
     </span>
     <span class='ocr_line' id='line_1_38' title="bbox 515 2733 2158 2801; baseline -0.001 -18"><span class='ocrx_word' id='word_1_450' title='bbox 515 2740 631 2783; x_wconf 88' lang='lat' dir='ltr'>cium</span> <span class='ocrx_word' id='word_1_451' title='bbox 643 2733 789 2799; x_wconf 82' lang='lat' dir='ltr'>longin</span> <span class='ocrx_word' id='word_1_452' title='bbox 825 2752 927 2782; x_wconf 86' lang='lat' dir='ltr'>uum</span> <span class='ocrx_word' id='word_1_453' title='bbox 949 2740 1015 2780; x_wconf 68' lang='lat' dir='ltr'>aet</span> <span class='ocrx_word' id='word_1_454' title='bbox 1037 2738 1211 2799; x_wconf 87' lang='lat' dir='ltr'>opacior</span> <span class='ocrx_word' id='word_1_455' title='bbox 1223 2733 1414 2791; x_wconf 53' lang='lat' dir='ltr'>videtum</span> <span class='ocrx_word' id='word_1_456' title='bbox 1426 2733 1612 2800; x_wconf 65' lang='lat' dir='ltr'>itemque</span> <span class='ocrx_word' id='word_1_457' title='bbox 1632 2740 1856 2782; x_wconf 84' lang='lat' dir='ltr'>terminum</span> <span class='ocrx_word' id='word_1_458' title='bbox 1868 2735 2078 2801; x_wconf 87' lang='lat' dir='ltr'>quendam</span> <span class='ocrx_word' id='word_1_459' title='bbox 2088 2734 2158 2782; x_wconf 74' lang='lat' dir='ltr'>of-</span> 
     </span>
     <span class='ocr_line' id='line_1_39' title="bbox 513 2752 2158 2866; baseline -0.001 -16"><span class='ocrx_word' id='word_1_460' title='bbox 513 2801 617 2857; x_wconf 86' lang='lat' dir='ltr'>fert,</span> <span class='ocrx_word' id='word_1_461' title='bbox 631 2805 674 2847; x_wconf 77' lang='lat' dir='ltr'>in</span> <span class='ocrx_word' id='word_1_462' title='bbox 693 2752 937 2866; x_wconf 51' lang='lat' dir='ltr'>quozgitur</span> <span class='ocrx_word' id='word_1_463' title='bbox 961 2799 1093 2856; x_wconf 74' lang='lat' dir='ltr'>visus,</span> <span class='ocrx_word' id='word_1_464' title='bbox 1107 2796 1398 2864; x_wconf 71' lang='lat' dir='ltr'>admixtioque</span> <span class='ocrx_word' id='word_1_465' title='bbox 1418 2797 1488 2846; x_wconf 88' lang='lat' dir='ltr'>illa</span> <span class='ocrx_word' id='word_1_466' title='bbox 1510 2799 1678 2847; x_wconf 81' lang='lat' dir='ltr'>luminis</span> <span class='ocrx_word' id='word_1_467' title='bbox 1700 2817 1798 2848; x_wconf 85' lang='lat' dir='ltr'>cum</span> <span class='ocrx_word' id='word_1_468' title='bbox 1816 2818 1952 2866; x_wconf 85' lang='lat' dir='ltr'>opaco</span> <span class='ocrx_word' id='word_1_469' title='bbox 1966 2798 2158 2848; x_wconf 80' lang='lat' dir='ltr'>colorem</span> 
     </span>
     <span class='ocr_line' id='line_1_40' title="bbox 515 2863 2156 2932; baseline -0.002 -17"><span class='ocrx_word' id='word_1_470' title='bbox 515 2863 737 2915; x_wconf 83' lang='lat' dir='ltr'>caeruleum</span> <span class='ocrx_word' id='word_1_471' title='bbox 751 2863 887 2923; x_wconf 80' lang='lat' dir='ltr'>refert,</span> <span class='ocrx_word' id='word_1_472' title='bbox 898 2863 965 2911; x_wconf 86' lang='lat' dir='ltr'>seu</span> <span class='ocrx_word' id='word_1_473' title='bbox 979 2882 1185 2928; x_wconf 81' lang='lat' dir='ltr'>cyaneum</span> <span class='ocrx_word' id='word_1_474' title='bbox 1199 2893 1207 2918; x_wconf 65' lang='grc' dir='ltr'>ς</span> <span class='ocrx_word' id='word_1_475' title='bbox 1221 2863 1250 2910; x_wconf 84' lang='lat' dir='ltr'>fi</span> <span class='ocrx_word' id='word_1_476' title='bbox 1264 2870 1402 2912; x_wconf 84' lang='lat' dir='ltr'>maior</span> <span class='ocrx_word' id='word_1_477' title='bbox 1412 2869 1594 2931; x_wconf 82' lang='lat' dir='ltr'>opacitas</span> <span class='ocrx_word' id='word_1_478' title='bbox 1606 2867 1726 2914; x_wconf 82' lang='lat' dir='ltr'>ineffc</span> <span class='ocrx_word' id='word_1_479' title='bbox 1736 2867 1946 2932; x_wconf 84' lang='lat' dir='ltr'>apparebit</span> <span class='ocrx_word' id='word_1_480' title='bbox 1958 2902 1968 2914; x_wconf 92' lang='lat'>.</span> <span class='ocrx_word' id='word_1_481' title='bbox 1982 2870 2084 2914; x_wconf 82' lang='lat' dir='ltr'>Hoc</span> <span class='ocrx_word' id='word_1_482' title='bbox 2096 2874 2156 2912; x_wconf 80' lang='lat' dir='ltr'>er-</span> 
     </span>
     <span class='ocr_line' id='line_1_41' title="bbox 515 2929 2154 2998; baseline 0.001 -20"><span class='ocrx_word' id='word_1_483' title='bbox 515 2950 575 2998; x_wconf 83' lang='lat' dir='ltr'>go</span> <span class='ocrx_word' id='word_1_484' title='bbox 587 2930 741 2978; x_wconf 86' lang='lat' dir='ltr'>coloris</span> <span class='ocrx_word' id='word_1_485' title='bbox 753 2949 883 2997; x_wconf 77' lang='lat' dir='ltr'>genus</span> <span class='ocrx_word' id='word_1_486' title='bbox 905 2929 1057 2978; x_wconf 88' lang='lat' dir='ltr'>secund</span> <span class='ocrx_word' id='word_1_487' title='bbox 1063 2947 1135 2977; x_wconf 88' lang='lat' dir='ltr'>um</span> <span class='ocrx_word' id='word_1_488' title='bbox 1145 2934 1488 2996; x_wconf 80' lang='lat' dir='ltr'>apparentiam,&amp;</span> <span class='ocrx_word' id='word_1_489' title='bbox 1502 2930 1757 2998; x_wconf 75' lang='lat' dir='ltr'>phantasiam</span> <span class='ocrx_word' id='word_1_490' title='bbox 1769 2931 1982 2998; x_wconf 84' lang='lat' dir='ltr'>quandam</span> <span class='ocrx_word' id='word_1_491' title='bbox 1992 2934 2154 2990; x_wconf 85' lang='lat' dir='ltr'>est,non</span> 
     </span>
     <span class='ocr_line' id='line_1_42' title="bbox 515 2995 2154 3062; baseline -0.001 -15"><span class='ocrx_word' id='word_1_492' title='bbox 515 2996 745 3047; x_wconf 83' lang='lat' dir='ltr'>secundum</span> <span class='ocrx_word' id='word_1_493' title='bbox 757 2998 1011 3044; x_wconf 82' lang='lat' dir='ltr'>existentiam</span> <span class='ocrx_word' id='word_1_494' title='bbox 1023 3033 1033 3043; x_wconf 96' lang='lat'>.</span> <span class='ocrx_word' id='word_1_495' title='bbox 1048 2995 1097 3043; x_wconf 90' lang='lat' dir='ltr'>Id</span> <span class='ocrx_word' id='word_1_496' title='bbox 1108 2999 1221 3042; x_wconf 60' lang='lat' dir='ltr'>enirn,</span> <span class='ocrx_word' id='word_1_497' title='bbox 1232 3029 1246 3049; x_wconf 83' lang='grc'><strong><em>,</em></strong></span> <span class='ocrx_word' id='word_1_498' title='bbox 1258 2996 1380 3062; x_wconf 87' lang='lat' dir='ltr'>quod</span> <span class='ocrx_word' id='word_1_499' title='bbox 1392 2998 1522 3044; x_wconf 82' lang='lat' dir='ltr'>existit</span> <span class='ocrx_word' id='word_1_500' title='bbox 1534 3033 1548 3054; x_wconf 89' lang='lat'>,</span> <span class='ocrx_word' id='word_1_501' title='bbox 1560 2996 1700 3044; x_wconf 88' lang='lat' dir='ltr'>lumen</span> <span class='ocrx_word' id='word_1_502' title='bbox 1716 2998 1776 3044; x_wconf 88' lang='lat' dir='ltr'>est</span> <span class='ocrx_word' id='word_1_503' title='bbox 1785 3032 1798 3054; x_wconf 81' lang='lat'>,</span> <span class='ocrx_word' id='word_1_504' title='bbox 1808 3015 1894 3045; x_wconf 87' lang='lat' dir='ltr'>non</span> <span class='ocrx_word' id='word_1_505' title='bbox 1910 2996 2052 3046; x_wconf 85' lang='lat' dir='ltr'>color:</span> <span class='ocrx_word' id='word_1_506' title='bbox 2068 2995 2154 3046; x_wconf 86' lang='lat' dir='ltr'>elu-</span> 
     </span>
     <span class='ocr_line' id='line_1_43' title="bbox 515 3060 2154 3130; baseline -0.001 -19"><span class='ocrx_word' id='word_1_507' title='bbox 515 3064 627 3111; x_wconf 83' lang='lat' dir='ltr'>ditur</span> <span class='ocrx_word' id='word_1_508' title='bbox 639 3078 777 3109; x_wconf 83' lang='lat' dir='ltr'>tamen</span> <span class='ocrx_word' id='word_1_509' title='bbox 791 3062 850 3109; x_wconf 87' lang='lat' dir='ltr'>ob</span> <span class='ocrx_word' id='word_1_510' title='bbox 863 3079 927 3109; x_wconf 84' lang='lat' dir='ltr'>eas</span> <span class='ocrx_word' id='word_1_511' title='bbox 937 3062 1045 3108; x_wconf 78' lang='lat' dir='ltr'>visus</span> <span class='ocrx_word' id='word_1_512' title='bbox 1055 3097 1067 3119; x_wconf 95' lang='lat'>,</span> <span class='ocrx_word' id='word_1_513' title='bbox 1081 3078 1183 3127; x_wconf 85' lang='lat' dir='ltr'>quas</span> <span class='ocrx_word' id='word_1_514' title='bbox 1197 3061 1378 3108; x_wconf 81' lang='lat' dir='ltr'>diximus</span> <span class='ocrx_word' id='word_1_515' title='bbox 1388 3097 1400 3118; x_wconf 89' lang='lat'>,</span> <span class='ocrx_word' id='word_1_516' title='bbox 1416 3062 1552 3110; x_wconf 79' lang='lat' dir='ltr'>causas</span> <span class='ocrx_word' id='word_1_517' title='bbox 1563 3099 1576 3119; x_wconf 87' lang='lat'>,</span> <span class='ocrx_word' id='word_1_518' title='bbox 1596 3071 1638 3110; x_wconf 73' lang='grc' dir='ltr'>δι</span> <span class='ocrx_word' id='word_1_519' title='bbox 1662 3060 1850 3111; x_wconf 83' lang='lat' dir='ltr'>colorem</span> <span class='ocrx_word' id='word_1_520' title='bbox 1863 3079 1980 3130; x_wconf 87' lang='lat' dir='ltr'>putat</span> <span class='ocrx_word' id='word_1_521' title='bbox 1990 3062 2028 3111; x_wconf 71' lang='lat' dir='ltr'>[e</span> <span class='ocrx_word' id='word_1_522' title='bbox 2040 3064 2154 3112; x_wconf 81' lang='lat' dir='ltr'>vide-</span> 
     </span>
     <span class='ocr_line' id='line_1_44' title="bbox 515 3124 2154 3197; baseline 0.001 -20"><span class='ocrx_word' id='word_1_523' title='bbox 515 3148 559 3178; x_wconf 88' lang='lat' dir='ltr'>re</span> <span class='ocrx_word' id='word_1_524' title='bbox 569 3162 581 3176; x_wconf 79' lang='grc'><strong>.</strong></span> <span class='ocrx_word' id='word_1_525' title='bbox 601 3131 717 3177; x_wconf 86' lang='lat' dir='ltr'>Nam</span> <span class='ocrx_word' id='word_1_526' title='bbox 729 3128 877 3194; x_wconf 80' lang='lat' dir='ltr'>species</span> <span class='ocrx_word' id='word_1_527' title='bbox 887 3126 1057 3175; x_wconf 84' lang='lat' dir='ltr'>luminis</span> <span class='ocrx_word' id='word_1_528' title='bbox 1071 3126 1266 3175; x_wconf 84' lang='lat' dir='ltr'>deficiens</span> <span class='ocrx_word' id='word_1_529' title='bbox 1280 3124 1470 3176; x_wconf 82' lang='lat' dir='ltr'>colorem</span> <span class='ocrx_word' id='word_1_530' title='bbox 1490 3125 1611 3182; x_wconf 82' lang='lat' dir='ltr'>refert</span> <span class='ocrx_word' id='word_1_531' title='bbox 1623 3165 1634 3176; x_wconf 92' lang='lat'>.</span> <span class='ocrx_word' id='word_1_532' title='bbox 1659 3129 1936 3197; x_wconf 56' lang='lat' dir='ltr'>Q‘andoque</span> <span class='ocrx_word' id='word_1_533' title='bbox 1956 3135 2078 3179; x_wconf 85' lang='lat' dir='ltr'>etiam</span> <span class='ocrx_word' id='word_1_534' title='bbox 2090 3134 2154 3178; x_wconf 81' lang='lat' dir='ltr'>vi-</span> 
     </span>
    </p>
   </div>
   <div class='ocr_carea' id='block_1_3' title="bbox 2033 3197 2154 3249">
    <p class='ocr_par' dir='ltr' id='par_1_3' title="bbox 2033 3197 2154 3249">
     <span class='ocr_line' id='line_1_45' title="bbox 2033 3197 2154 3249; baseline 0.017 -2"><span class='ocrx_word' id='word_1_535' title='bbox 2033 3197 2154 3249; x_wconf 84' lang='lat' dir='ltr'>detur</span> 
     </span>
    </p>
   </div>
  </div>
 </body>
</html>
