2455 3671
359 300 478 371 272

903 260 1043 332 DE
1107 254 1881 332 VENETORVM

511 366 624 418 fraus
636 402 648 415 .
661 368 828 416 Locatis
839 370 948 416 vmis
959 382 1040 415 tres
1051 362 1272 428 confiiiarij
1295 368 1446 414 eaeteris
1456 368 1640 414 iuniores
1660 362 1685 413 ὲ
1702 363 1783 413 suis
1803 362 1968 414 sedibus
1980 359 2168 432 fingunt,
2205 366 2244 418 Ε

511 453 562 484 ae
582 434 636 484 ad
648 449 877 482 extremam
889 449 1048 501 partem
1071 432 1113 481 su
1174 432 1281 480 estus
1300 437 1415 480 iuxta
1425 446 1506 480 tres
1526 448 1594 480 eas
1612 449 1733 480 vrnas
1744 431 1890 480 sessum
1912 446 2038 490 eunt,
2049 449 2172 481 eara-

511 506 631 550 tione
651 516 697 548 vt
707 497 873 566 fingulis
895 496 1141 566 fingulicon
1175 496 1278 561 liarij
1299 497 1496 547 affideant
1508 496 1595 547 .his
1613 503 1672 546 ita
1680 500 1784 548 actis
1806 506 1852 547 ει
1866 495 2074 565 dispositis
2084 495 2173 547 sor·

510 584 574 617 tes
586 568 798 616 ducuntur
809 602 823 622 ‚
833 582 960 632 atque
979 570 1013 613 is
1024 565 1137 613 ordo
1150 568 1310 613 ciuium
1320 600 1335 624 ,
1347 568 1465 613 cuius
1486 563 1573 612 sors
1583 567 1749 623 exierit,
1760 564 1974 632 consurgit
1992 583 2044 612 ex
2052 579 2172 614 vtro—

511 652 600 702 que
609 634 772 695 comitij
793 630 941 680 latere.
963 635 1039 680 Per
1047 634 1201 679 attium
1219 635 1333 680 enim
1356 629 1478 699 quod
1500 629 1934 698 longumest,decem
1954 630 2048 679 sunt
2066 629 2173 680 sedi-

511 698 619 749 lium
631 698 799 748 ordines
809 695 997 764 dispofiti
1006 733 1021 757 ,
1031 702 1075 746 in
1086 697 1241 766 quibus
1262 714 1340 765 pro
1352 695 1554 765 cuiusque
1573 697 1744 746 arbitrio
1757 695 1972 746 confidere
1982 701 2095 745 ciues
2105 697 2172 746 su-

511 765 591 834 pri
600 765 781 814 diximus
793 801 807 822 ,
816 760 984 832 vnz‘tque
995 779 1159 812 tantum
1171 765 1258 812 sors
1270 762 1440 812 duobus
1451 762 1670 811 ordinibus
1680 762 1862 820 inseruit,
1874 768 1922 812 iis
1934 762 2086 813 scilicet
2094 768 2172 831 qui

513 847 567 880 ex
587 847 769 898 vtroque
790 828 914 879 latere
933 833 1097 891 comitii
1121 828 1199 878 fibi
1219 827 1492 897 respondent.
1507 832 1540 877 is
1560 846 1662 896 ergo
1684 829 1796 877 ordo
1818 833 1934 878 cuius
1956 827 2042 878 sors
2062 835 2174 878 exio-

513 902 755 964 rit,magna
774 901 974 964 praeconis
992 913 1102 946 voce
1121 900 1295 952 citatur,
1307 904 1351 944 &
1364 913 1415 943 ex
1433 911 1616 964 vtroque
1636 893 1760 944 latere
1780 899 2034 959 comitij,eo
2056 895 2172 944 ordi·

511 982 568 1012 ne
579 981 669 1030 quo
680 962 781 1011 sorti
799 961 964 1010 libuerit
973 998 988 1022 ,
998 963 1284 1028 consurgitur.-
1295 959 1490 1028 ciuesque
1498 979 1552 1009 eo
1566 978 1656 1029 quo
1669 960 1842 1011 sederint
1854 962 2002 1011 ordine
2012 999 2026 1020 ,
2039 962 2092 1010 ad
2104 979 2170 1010 as

512 1028 555 1078 se
575 1046 696 1078 vrnas
717 1027 1127 1096 conferunt,quibus
1149 1026 1511 1095 iuxtasuggestum
1528 1030 1722 1096 principis
1744 1028 1960 1077 constituti
1982 1026 2174 1078 confilia-
2196 1034 2230 1079 1²

512 1098 563 1156 rij
585 1092 760 1143 affident
771 1114 782 1141 ε
794 1112 844 1143 ac
865 1111 991 1142 manu
1005 1091 1201 1160 irnpofita
1218 1093 1396 1161 quisque
1405 1090 1634 1161 globulum
1646 1110 1780 1143 vnum
1792 1094 1956 1143 educit=
1970 1100 2044 1162 qui
2058 1094 2088 1143 fi
2108 1113 2174 1143 ar·

513 1176 687 1228 gemeus
707 1158 957 1219 fir,diuerso
978 1163 1123 1208 itinere
1142 1160 1196 1208 ad
1212 1158 1484 1214 stdile,vnde
1503 1158 1748 1219 surrexerat,
1764 1164 1983 1210 reuertitur
2000 1197 2012 1210 .
2033 1177 2076 1210 at
2098 1166 2174 1229 qui

513 1244 687 1275 aureum
709 1226 919 1283 eduxerit,
931 1224 1153 1274 confestim
1172 1224 1436 1284 consiliario,
1448 1229 1524 1293 qui
1543 1243 1652 1274 vrnae
1664 1224 1725 1274 illi
1744 1227 1906 1294 praeest,
1918 1227 2174 1295 conspicien-

513 1293 621 1342 dum
643 1292 789 1341 tradit:
803 1290 871 1340 ine
893 1291 1113 1358 diiigenter
1131 1308 1283 1340 notam
1302 1290 1491 1359 agnoscit
1504 1329 1514 1340 .
1528 1290 1597 1340 ina
1618 1308 1732 1341 notar
1751 1292 1962 1361 inscriptio
1976 1310 2024 1342 ea
2044 1298 2174 1342 ratio-

513 1377 569 1408 ne
591 1359 649 1406 est
669 1363 927 1415 inuenta‚ne
979 1358 1169 1425 nisquam
1192 1355 1337 1406 efferre
1355 1357 1496 1407 domo
1518 1357 1656 1406 stcum
1674 1359 1808 1426 posset
1829 1376 2174 1428 aureum‚quem

513 1442 645 1473 manu
665 1421 811 1472 furtim
831 1376 1075 1492 impoztum
1089 1424 1298 1473 videretur
1308 1441 1356 1472 ex
1367 1441 1470 1474 vrna
1478 1423 1657 1473 eduxisse
1670 1460 1684 1483 ,
1694 1421 1834 1491 Γιεῆυε
1846 1442 1916 1492 per
1928 1424 2118 1474 fraudem
2130 1444 2174 1474 e—

512 1487 651 1539 lector
671 1490 857 1538 fieret.1s
879 1508 981 1557 ergo
993 1495 1063 1538 cui
1082 1490 1167 1539 sors
1179 1494 1292 1539 aurei
1310 1490 1510 1558 obtigerit
1532 1488 1738 1540 continuo
1751 1492 1804 1540 ad
1826 1491 2010 1538 mediam
2024 1508 2174 1540 vernat-n

513 1556 556 1604 se
576 1555 959 1624 confert,ind6que
979 1554 1107 1605 alium
1119 1555 1346 1624 globulum
1366 1554 1564 1605 extrahit.
1578 1561 1654 1624 qui
1676 1554 1742 1604 fia
1792 1571 1934 1605 enteus
1946 1555 2172 1614 fuerir,im-

513 1639 596 1690 pos
608 1628 701 1672 voti
721 1629 937 1671 reuertitur
947 1622 999 1671 ad
1011 1623 1193 1671 eundem
1204 1621 1352 1672 locum
1362 1622 1475 1672 vnde
1484 1621 1703 1671 discess'erit
1712 1659 1728 1681 ,
1742 1574 1802 1671 'sign
1812 1640 1912 1671 vero
1923 1640 2068 1670 aureus
2080 1622 2174 1671 fue«-

513 1693 569 1738 rit
579 1724 593 1747 ,
605 1688 841 1756 suggestum
852 1688 1033 1737 astendit
1043 1725 1057 1747 ,
1068 1705 1194 1756 atque
1203 1687 1228 1736 ὲ
1244 1692 1418 1756 regione
1458 1691 1622 1756 rincipis
1634 1688 1838 1737 destinato
1850 1686 1952 1737 loco
1964 1690 2112 1737 sessum
2124 1693 2170 1738 it.

513 1753 719 1802 secundus
731 1759 805 1821 qui
817 1754 965 1802 eadem
977 1754 1087 1802 sorte
1097 1755 1189 1804 vsus
1201 1753 1351 1813 fierit,
1362 1706 1518 1804 eodem
1528 1759 1656 1804 etiam
1676 1753 1717 1802 se
1732 1758 1898 1823 recipit,
1910 1772 1960 1803 ac
1978 1760 2080 1803 item
2092 1772 2171 1803 rer-

513 1825 597 1868 tius
611 1839 621 1867 ι
635 1817 775 1887 fict'lue
796 1820 989 1888 deinceps
1011 1825 1146 1869 caeteti
1159 1820 1410 1889 ,quousque
1430 1837 1588 1869 nouem
1610 1822 1764 1870 fiserint
1784 1826 1858 1889 qui
1882 1826 2065 1890 primum
2090 1819 2172 1869 ele-

513 1888 687 1933 storum
707 1885 901 1934 ordinem
915 1885 1155 1954 complent,
1165 1903 1294 1954 atque
1316 1891 1372 1934 ita
1382 1905 1438 1935 eo
1449 1892 1492 1935 in
1503 1886 1652 1935 ordine
1672 1886 1974 1954 disponuntur,
1984 1906 2030 1936 vt
2044 1887 2172 1935 soiius

514 1956 641 2000 aetatis
663 1956 769 1999 ratio
791 1950 1376 2018 habeatur‚proetereanullius
1394 1956 1472 2000 rei.
1492 1956 1596 2000 Hoc
1606 1951 1708 2000 loco
1720 1954 1954 2001 institutum
1978 1952 2080 2002 illud
2094 1958 2172 2000 rni-

515 2024 635 2065 nime
657 2018 985 2084 praetereundum
999 2018 1057 2065 est
1067 2051 1081 2071 ‚
1095 2015 1185 2065 illos
1199 2022 1274 2084 qui
1286 2017 1402 2065 sortis
1416 2018 1623 2066 beneficio
1635 2017 1834 2066 electores
1846 2017 1938 2067 sunt
1960 2017 2058 2066 faeti
2068 2055 2082 2077 ,
2094 2020 2172 2067 sta-

515 2088 595 2131 tim
615 2082 696 2131 alta
708 2101 815 2131 voce
835 2081 997 2131 :iscriba
1019 2088 1285 2150 pronunciari
1306 2081 1456 2142 solere,
1472 2082 1580 2131 adeo
1592 2098 1638 2132 vt
1658 2102 1806 2132 omnes
1828 2085 2018 2132 audiant:
2034 2103 2172 2152 neque

517 2147 695 2217 ’mplius
707 2146 945 2197 facultatem
958 2148 1085 2197 vllam
1105 2149 1183 2197 effe
1195 2153 1378 2216 cuipiam
1392 2153 1478 2197 eius
1498 2150 1806 2216 consanguineo
1816 2186 1830 2207 ‚
1842 2166 1914 2198 aut
1924 2148 2038 2198 affini
2058 2154 2172 2198 arista

515 2211 813 2264 necessitudine
833 2218 1065 2263 coniuncto
1089 2215 1276 2263 tentandi
1300 2215 1476 2273 sortem,
1522 2233 1574 2262 ua
1594 2214 1752 2263 deditur
1770 2216 1858 2263 fieri
1903 2232 2172 2284 ueatmcque

516 2286 643 2331 eriam
667 2279 853 2349 piuribus
873 2280 1001 2349 quim
1023 2281 1191 2328 duobus
1213 2278 1438 2348 gentilibus
1458 2233 1594 2329 aditus
1616 2297 1728 2349 patet
1748 2282 1804 2330 ad
1824 2300 1875 2329 or
1905 2286 1992 2330 ines
2011 2278 2172 2329 eleste-
2218 2339 2222 2342 .

515 2366 611 2396 rum
623 2385 637 2406 ,
649 2347 769 2414 quod
781 2343 943 2395 summa
963 2347 1179 2413 prudentia
1197 2350 1378 2395 maiores
1390 2347 1519 2394 nostri
1536 2347 1766 2406 instituere,
1778 2363 1823 2396 vt
1842 2346 1994 2397 stilicet
2012 2348 2064 2395 ad
2079 2346 2172 2416 plna

515 2432 580 2462 res
602 2432 626 2462 a
657 2417 843 2460 nationes
863 2430 911 2460 ac
931 2410 1107 2461 familias
1127 2411 1215 2460 hoc
1236 2430 1390 2461 munus
1412 2411 1592 2479 eligendi
1612 2418 1848 2481 perueniat,
1868 2411 2172 2482 publicumque

516 2478 605 2528 hoc
624 2431 874 2527 beneficium
898 2477 1017 2526 latius
1041 2494 1177 2544 pateat
1197 2483 1306 2528 inter
1326 2483 1436 2526 ciues
1448 2498 1464 2526 .·
1482 2478 1575 2528 satis
1600 2483 1712 2527 enim
1734 2478 1878 2528 baberi
1898 2479 2048 2538 debet,
2060 2477 2090 2527 fi
2112 2495 2170 2529 ex
2220 2470 2271 2518 Η

517 2562 599 2594 vna
611 2542 767 2592 familia
780 2544 863 2591 sors
875 2543 1043 2592 duobus
1055 2548 1274 2610 contingat
1282 2581 1298 2603 ,
1308 2561 1394 2612 qua
1405 2542 1580 2612 publica:
1590 2544 1852 2594 authoritatis
1876 2562 2098 2613 compotes
2110 2547 2170 2594 ef:

519 2610 727 2659 ficiuntur.
743 2609 822 2658 Sed
844 2608 896 2657 eb
917 2610 1286 2668 reuertatur,vnde
1304 2611 1444 2658 nostra
1465 2611 1634 2660 diuertit
1656 2617 1794 2660 oratio
1808 2649 1818 2659 .
1830 2615 1988 2679 primus
2010 2611 2080 2660 hic
2099 2630 2170 2660 or-

517 2679 577 2726 do
589 2674 623 2724 el
629 2679 821 2725 efi'orum
835 2681 993 2725 ciuium
1005 2676 1205 2742 euestigio
1215 2691 1262 2725 vt
1274 2674 1510 2744 completus
1522 2675 1644 2724 suerit
1656 2713 1668 2733 ,
1678 2675 1702 2723 ὲ
1712 2682 1890 2726 comitio
1902 2678 2126 2743 egreditur,
2136 2676 2168 2726 fi

519 2740 693 2810 mt'ilque
703 2758 863 2789 nouem
875 2740 933 2789 illi
949 2741 987 2789 se
999 2746 1041 2789 in
1053 2758 1213 2790 certum
1225 2740 1428 2790 conclaue
1438 2746 1744 2810 recipiunrHic
1755 2743 1884 2792 scriba
1894 2761 1998 2792 vnus
2008 2743 2032 2791 :i
2042 2742 2170 2792 secre-

517 2815 570 2859 tis
583 2806 839 2876 Reipublicae
849 2807 981 2856 adest:
1024 2811 1179 2855 timum
1195 2806 1446 2856 eleckoribus
1459 2814 1626 2857 nunciat
1636 2827 1682 2857 ea
1692 2846 1706 2868 ,
1716 2827 1812 2877 qua:
1822 2808 1982 2877 legibus
1992 2810 2168 2876 praescri-

517 2892 588 2943 pta
599 2878 640 2921 in
663 2874 963 2939 magistratibus
977 2826 1173 2940 efigendis
1193 2875 1344 2922 seruari
1354 2874 1532 2923 debeant
1542 2912 1554 2923 .
1568 2873 1762 2943 leguntur
1782 2881 1882 2924 item
1894 2874 2168 2923 Senatuzscon-

515 2940 706 2994 sulta,ac
728 2955 877 2987 caeterae
897 2938 1005 3006 leges
1027 2939 1179 3006 quibus
1205 2956 1396 2998 cauetur,
1410 2958 1462 2988 ne
1481 2947 1656 3008 pecunia
1676 2946 1862 3010 corrupti
1882 2939 2166 2996 electori-ssent

519 3010 716 3076 quapiam
731 3003 837 3052 mala
848 3022 934 3053 arte
947 3015 988 3053 &
1001 3006 1143 3054 fraude
1155 3003 1448 3073 eligant,vel‚vt
1460 3011 1608 3055 refflus
1618 3007 1792 3056 dixerim
1804 3044 1818 3066 ‚
1828 3024 2068 3077 nuncupent
2077 3024 2166 3063 eos,

519 3078 595 3141 qui
619 3075 917 3139 competitores
937 3072 1069 3121 futuri
1089 3071 1182 3120 sunt
1199 3108 1215 3131 ,
1237 3090 1286 3122 ac
1304 3071 1503 3140 suffragiis
1521 3071 1682 3136 confilij
1702 3075 1970 3142 proponendi
1988 3110 2004 3134 „
2026 3072 2164 3140 dispo-

2006 3155 2164 3188 nuntur

2192 1762 2237 1808 ω
