2455 3671
667 261 1044 339 LIBER
1089 260 1686 359 QVINTVS·
1927 300 2002 370 75

207 381 252 429 Α
281 371 570 421 sentiunturex
580 375 883 421 coniunffione
893 370 947 420 ad
956 368 1117 420 sensum
1127 371 1270 439 gustus
1280 368 1461 422 vis'uste:
1474 388 1658 440 quorum
1671 370 1831 439 dogma
1839 388 1926 440 per.

281 435 390 487 bell&
396 435 557 487 deridet
567 434 686 486 Plato
695 442 741 486 in
751 436 970 486 Theaeteto
980 467 992 493 ι
1002 435 1244 486 Aristoteles
1257 439 1338 485 etii
1346 441 1391 486 in
1400 436 1614 487 nonnullis
1624 437 1744 488 locis.
1806 440 1925 488 Post-

314 520 413 552 uam
423 501 699 552 constitutum
707 504 767 551 est
777 504 881 572 quid
891 501 941 552 fit
951 501 1072 571 sapor
1079 540 1095 563 ,
1104 503 1352 553 accedemus
1364 504 1418 552 ad
1430 502 1672 571 explicanda
1680 519 1926 554 enumeran-

280 522 421 636 dique
440 573 641 637 praecipua
659 570 700 617 sa
729 586 855 618 orum
875 585 1246 637 genera3quorum
1266 570 1610 637 vnumquodque
1624 569 1925 638 amplissimum

282 636 341 684 est
348 669 364 691 ‚
373 631 621 682 innumeras
641 652 693 683 ue
699 586 787 683 iere
796 632 871 684 sub
883 633 923 683 se
933 634 1183 684 differentias
1195 640 1384 683 continet
1394 671 1404 683 .
1420 640 1584 703 Saporis
1596 653 1746 702 genera
1757 636 1850 684 sunt
1862 635 1926 684 fi:-

279 717 397 770 ptem
407 737 419 759 ,
428 698 606 759 oCtt'ive3
649 699 741 749 ulce
749 737 763 760 ,
773 701 1860 768 pingue,acidum‚austerum,acerbum‚aeutum‚salsu
1865 718 1926 760 m,

281 775 328 816 δι
339 784 532 815 amarum
541 803 552 814 .
565 770 600 814 E
611 766 763 833 quibus
775 771 981 834 quoniam
992 765 1115 816 dulce
1127 775 1172 815 δε
1182 770 1339 834 pingue
1348 771 1586 835 propinqua
1596 766 1715 815 valde
1726 769 1926 825 sunt,vno

280 830 446 881 rantum
463 849 614 900 genere
633 836 837 881 contineri
856 831 1123 900 perhibentur
1142 854 1155 890 ;
1172 837 1366 900 quamuis
1387 849 1530 881 reuera
1548 833 1638 880 duo
1662 833 1739 881 lint
1758 851 1923 900 genera.

280 902 389 946 Haec
399 897 595 966 fiporum
605 915 755 964 genera
771 897 963 947 nonnulli
973 904 1031 948 ita
1040 898 1258 947 distinxere
1268 926 1278 952 ς
1290 914 1336 947 vt
1356 916 1506 946 eorum
1520 898 1711 966 quoedam
1724 904 1926 966 pertinere

280 964 423 1012 dicant
432 964 485 1012 ad
495 962 673 1031 speciem
683 988 695 1021 ;
706 962 785 1012 alia
803 964 857 1012 ad
867 968 1149 1032 priuationem
1159 964 1374 1031 quandam
1384 973 1428 1012 δε
1440 981 1536 1013 natu
1542 982 1594 1012 τε
1612 964 1640 1012 s
1655 962 1842 1032 ecit-ique
1854 966 1926 1014 de·-

203 1049 242 1095 B
280 1028 443 1079 festum
453 1067 465 1080 .
485 1028 633 1078 Dulcis
646 1029 765 1096 sapor
777 1029 1009 1142 (inquiunp
1025 1035 1203 1097 pinguis,
1215 1027 1422 1096 huiusque
1431 1035 1590 1096 generis
1602 982 1668 1092 alij
1682 1032 1734 1079 ad
1746 1037 1788 1098 Ip
1794 1037 1926 1079 eciem

279 1101 487 1164 pertinent
498 1115 509 1142 :
519 1095 681 1143 Acidus
691 1130 707 1153 ,
717 1112 895 1154 amarus,
907 1094 959 1144 sal
981 1114 1025 1143 us
1035 1095 1087 1144 ad
1101 1092 1594 1162 priuationemaeaeterum
1608 1094 1708 1144 cum
1723 1095 1853 1144 multa
1864 1102 1926 1144 in-

280 1167 523 1220 ueniantur,
533 1165 577 1209 in
587 1158 733 1228 plantis
745 1159 965 1227 praesertim
977 1159 1203 1228 earumque
1213 1160 1430 1220 fructibus,
1468 1179 1520 1221 ue
1530 1158 1630 1210 cum
1640 1162 1692 1210 ad
1706 1162 1926 1229 perfeetio-

278 1245 379 1276 nem
389 1226 653 1295 specikmque
663 1225 779 1275 suam
789 1227 1013 1293 perfestam
1026 1231 1306 1294 peruenerint,
1322 1180 1564 1275 huiuiilnodi
1580 1226 1742 1293 fipores
1755 1227 1924 1285 habent,

315 1291 477 1341 uinimo
497 1293 699 1359 indigesta
717 1301 761 1340 a&
783 1292 1025 1360 imperfecta
1045 1289 1144 1340 cum
1159 1291 1336 1346 fiaerint.
1348 1293 1532 1359 quadam
1550 1293 1681 1340 veluti
1702 1291 1925 1342 dulcedine

279 1311 375 1407 punt
383 1357 531 1407 affe&a
537 1386 549 1412 ι
559 1358 710 1407 deinde
721 1356 915 1426 ampliori
927 1358 1155 1425 digestione
1195 1362 1410 1406 erueniant
1418 1358 1472 1405 ad
1482 1375 1686 1412 amarum,
1698 1359 1924 1416 austerum,

279 1423 499 1473 acidt'imve
519 1425 709 1492 fitporem
720 1443 733 1471 ι
745 1422 1027 1491 proculdubio
1039 1442 1127 1472 non
1139 1376 1197 1470 eg
1217 1428 1274 1470 ita
1284 1420 1470 1470 absolute
1488 1424 1852 1490 pronunciandum
1864 1423 1924 1472 fi-

279 1507 435 1558 porum
443 1489 533 1539 haec
547 1508 697 1556 genera
705 1494 908 1558 pertinere
919 1488 973 1537 ad
991 1494 1272 1557 priuationern
1288 1497 1330 1537 δι
1341 1506 1494 1537 naturae
1504 1490 1718 1538 defectum
1734 1525 1745 1536 .
1756 1495 1926 1554 Qni-

281 1559 343 1604 uis
355 1572 401 1604 vt
420 1561 463 1604 in
473 1555 659 1624 pluribus
672 1574 733 1603 res
751 1561 809 1603 ita
818 1555 857 1602 se
867 1554 1021 1603 habeat
1029 1591 1043 1613 ‚
1055 1552 1173 1622 quod
1185 1553 1316 1602 dulcis
1338 1552 1580 1627 pinguisque
1596 1557 1715 1622 sapor
1726 1554 1926 1620 digestio-

278 1639 333 1669 ne
341 1621 441 1670 fiant
453 1630 497 1670 δε
508 1619 765 1689 perfectione
776 1619 997 1669 consistant
1009 1658 1019 1669 .
1034 1618 1197 1669 Verum
1206 1657 1221 1674 .
1232 1636 1278 1668 vt
1298 1625 1556 1687 expolitione
1576 1622 1716 1668 nostra
1728 1636 1818 1668 tota
1834 1619 1926 1668 haec

277 1703 342 1736 res
354 1686 425 1735 fiat
446 1685 793 1746 illustrior,altius
811 1686 1050 1735 ordiamur.
1066 1690 1272 1733 Dicamus
1294 1690 1471 1751 igitur-in
1494 1681 1730 1735 Vniuersum
1752 1702 1830 1734 tres
1844 1688 1924 1734 esse

209 1770 253 1816 C
279 1752 431 1820 saporis
444 1754 609 1800 ordines
623 1791 633 1801 .
647 1753 823 1820 quidam
841 1758 954 1801 enirn
971 1750 1099 1799 veluti
1121 1755 1370 1818 priuationes
1386 1759 1428 1799 δε
1452 1756 1742 1820 corruptiones
1768 1768 1924 1799 natura:

279 1818 393 1865 sunt:
407 1817 473 1876 alij
493 1817 639 1866 conti-3.
659 1819 749 1866 sunt
759 1817 889 1867 veluti
909 1817 1079 1866 exordia
1091 1816 1284 1883 quaedam
1306 1831 1458 1864 naturae
1480 1818 1692 1884 Εἰροωιης
1708 1822 1750 1864 in
1793 1818 1918 1865 ¹uibus

279 1899 428 1932 natura
448 1901 535 1931 non
548 1882 671 1939 sistit,
683 1884 752 1932 sed
771 1883 823 1932 ab
837 1889 891 1932 eis
903 1884 957 1932 nd
977 1881 1280 1950 perfectionem
1292 1882 1578 1948 progreditur.
1598 1836 1809 1931 Nonnulli
1819 1879 1921 1931 vero

279 1949 441 2016 sapores
461 1948 633 2016 perfecti
652 1949 769 2007 sunt,
779 1954 822 1996 in
835 1950 987 2015 quibus
1009 1966 1153 1996 natura
1165 1946 1264 1996 fistit
1276 1985 1286 1996 .
1310 1952 1438 1994 Primi
1449 1948 1538 1994 duo
1550 1949 1714 1996 ordines
1728 1947 1923 2016 saporum

279 2011 433 2063 scilicet
452 2014 683 2062 crudorum
697 2023 739 2063 δε
751 2014 1071 2081 Ῥυετείὶοῐιῐίυητ
1083 2012 1318 2062 consimiles
1337 2012 1428 2060 sunt
1441 2011 1589 2060 formis
1602 2012 1678 2061 illis
1692 2018 1924 2061 mixtorum

279 2078 618 2147 imperfestiszper
626 2098 727 2146 quas
741 2080 899 2128 medias
911 2096 1053 2128 natura
1063 2079 1326 2147 progreditur
1334 2079 1386 2126 ad
1394 2084 1704 2144 generationem
1718 2078 1924 2145 perfefio-

279 2162 375 2194 rum
389 2144 757 2193 mixtorumzitkm
791 2163 843 2192 ue
863 2146 916 2192 ab
930 2147 1063 2212 specie
1079 2143 1420 2212 perfectionique
1439 2149 1674 2192 mixtorum
1693 2145 1924 2210 regreditur

280 2229 355 2278 per
363 2210 483 2259 d1ff01
489 2215 677 2259 urionem
689 2211 743 2259 ad
753 2230 777 2258 e
793 2214 1007 2259 emetaHi
1017 2207 1180 2292 sapores
1193 2214 1400 2277 quoniam
1412 2215 1630 2258 nutritioni
1640 2211 1802 2259 inutiles
1815 2209 1921 2268 sunt,

280 2294 419 2343 neque
430 2294 501 2344 per
511 2278 551 2323 se
561 2312 575 2334 ,
583 2273 801 2343 primfaque
811 2281 1041 2324 intentione
1051 2295 1075 2324 a
1087 2293 1230 2324 natura
1240 2274 1376 2323 effetsti
1384 2312 1398 2333 ,
1408 2280 1660 2324 innominati
1672 2274 1774 2331 sunt,
1784 2274 1922 2322 nobis—

281 2359 367 2408 que
385 2340 470 2389 fere
487 2346 719 2407 incogniti:
731 2346 923 2409 quamuis
943 2359 1093 2390 eorum
1113 2338 1308 2389 nonnulli
1324 2338 1409 2388 fere
1428 2340 1662 2391 consimiles
1676 2339 1754 2388 fint
1768 2341 1919 2408 specie·

282 2406 361 2454 bus
383 2407 577 2474 saporum
589 2434 599 2459 ς
611 2424 721 2474 quos
743 2412 919 2455 inueniri
941 2412 1065 2455 etiam
1077 2412 1121 2456 in
1142 2411 1280 2454 mixtis
1292 2405 1480 2473 perfectis
1491 2440 1506 2460 .
1516 2406 1690 2474 fierique
1708 2424 1780 2474 per
1792 2404 1924 2472 perfe-

199 2487 248 2532 ι)
283 2475 395 2520 etam
406 2478 639 2521 mixtorum
663 2476 991 2521 concoctionem
1007 2471 1127 2552 suptai
1145 2471 1412 2540 exposuimus
1425 2510 1436 2520 .
1449 2469 1620 2520 Omissis
1642 2490 1740 2537 ergo
1754 2469 1923 2519 duobus

281 2536 359 2586 illis
371 2539 591 2586 ordinibus
603 2575 617 2597 ,
627 2543 703 2604 qui
713 2543 859 2587 incerti
867 2543 1155 2606 incognitique
1167 2537 1350 2597 sunt,nec
1360 2538 1382 2585 ἓι
1394 2554 1536 2585 natura
1548 2542 1692 2584 intenti
1703 2554 1774 2604 per
1785 2537 1834 2594 se;
1845 2553 1926 2585 tra-

283 2603 489 2652 stabimus
501 2605 554 2652 de
565 2602 629 2651 his
651 2604 805 2670 septem
816 2605 1035 2670 generibus
1057 2622 1189 2672 pauca
1203 2604 1396 2670 quaedam
1408 2639 1418 2650 .
1432 2620 1518 2669 qua
1538 2607 1582 2650 in
1593 2619 1706 2670 parte
1718 2602 1925 2650 lectorem

283 2669 551 2717 admonitum
563 2670 641 2718 effe
651 2669 753 2718 volo
765 2708 779 2729 ,
790 2668 1069 2737 saepenumero
1083 2674 1324 2734 contingere
1336 2677 1378 2717 &
1390 2673 1433 2716 in
1448 2673 1676 2716 mixtorum
1688 2667 1925 2715 substantia-

283 2733 389 2782 lium
411 2733 691 2815 pcrfet‘lkorum
711 2741 999 2802 generatione,
1013 2744 1056 2784 δε
1075 2739 1120 2782 in
1139 2733 1352 2802 saporibus
1364 2770 1376 2789 ,
1388 2731 1614 2790 odoribus,
1626 2732 1840 2780 coloribus
1852 2751 1925 2791 ,o-

285 2800 539 2867 mnibusque
549 2805 717 2849 tandem
729 2838 742 2859 ,
754 2819 845 2868 quae
867 2798 1148 2868 progressione
1157 2800 1343 2899 quadam
1360 2815 1508 2847 natura
1556 2798 1708 2856 erficit,
1720 2816 1768 2845 ex
1792 2804 1925 2865 priua·

285 2870 411 2914 tionis
433 2874 477 2912 δι
501 2885 587 2913 non
609 2870 709 2913 entis
731 2885 875 2915 natura
886 2903 899 2923 ,
909 2872 1023 2915 vtita
1034 2865 1195 2932 dicam,
1207 2870 1252 2913 in
1264 2865 1384 2912 rebus
1405 2862 1468 2911 his
1480 2817 1742 2912 inii-rioribus
1756 2868 1925 2911 immix-

287 2946 328 2979 ta
340 2967 353 2986 ,
364 2947 409 2980 vt
429 2930 481 2979 ad
531 2932 801 2980 effectionem
821 2950 910 2980 non
919 2937 1087 2979 veniant
1097 2952 1109 2978 ε
1121 2928 1211 2978 imo
1223 2936 1266 2976 in
1276 2934 1530 2978 contrarium
1552 2946 1790 2987 mutentur,
1800 2945 1872 2977 aut
1882 2949 1926 2978 e-

287 3001 389 3044 tiam
401 2949 671 3045 dissoluantur
681 3035 693 3046 .
705 2995 811 3046 ludit
821 3002 975 3046 etenim
987 3001 1029 3044 in
1041 2994 1290 3044 mortalibus
1300 2995 1424 3043 rebus
1434 2996 1544 3043 casus
1560 3005 1602 3044 &
1614 2993 1804 3052 fortuna,
1816 2994 1926 3043 mul-

287 3057 413 3130 tique
429 3080 507 3176 ger
525 3062 713 3111 accidens
737 3063 841 3112 fiunt
863 3064 923 3111 ob
945 3067 1195 3130 priuationes
1207 3097 1221 3120 ,
1232 3069 1276 3109 δε
1295 3078 1384 3109 non
1406 3065 1508 3109 entis
1530 3078 1720 3108 naturam
1732 3058 1842 3108 hisce
1861 3065 1926 3107 in-

288 3125 427 3178 feriori
461 3146 507 3176 us
527 3133 787 3180 immixtam.
817 3128 895 3177 Sed
917 3145 1173 3180 reuertamur
1199 3127 1256 3176 ad
1288 3125 1440 3196 saporis
1466 3143 1628 3175 naturas
1649 3125 1923 3240 egplicandas.

1739 3210 1767 3254 ι]
