2455 3671
665 258 1009 332 LIBER
1073 259 1530 331 RPIMvs·
1905 293 2020 364 191

159 376 202 424 Α
261 363 462 428 appetitus
473 363 830 412 retinetnaturam
851 368 1048 431 potentiae
1067 360 1526 430 cognostitiuae,qu5m
1546 362 1901 430 insequiturtsen-

259 428 324 475 sus
333 442 473 479 autem
483 425 753 494 fingularium
763 431 845 488 est,
855 427 1086 486 intelleaus
1097 426 1200 478 vet-‹⁸›
1210 428 1610 496 vniuersaliuquuo
1624 428 1672 476 fit
1692 443 1736 477 vt
1749 427 1902 478 volun-

259 507 319 541 tas
338 508 503 560 appetat
521 492 773 554 honestum,
817 496 905 543 uod
925 492 1216 543 inseabsolute
1235 494 1428 544 bonum:
1442 499 1644 562 appetitus
1656 491 1757 543 vero
1779 493 1902 543 senfi-

257 562 370 607 tiuus
391 575 557 626 appetat
565 560 731 609 bonum
751 565 767 609 i
811 559 1312 620 1de1e6tabi10,vvoluntas
1322 576 1463 610 autern
1485 566 1594 608 circa
1604 561 1772 608 bonurn
1812 559 1902 608 uod

257 642 281 672 a
310 630 414 692 petit
423 660 438 683 ,
449 625 551 673 duas
560 624 687 674 habet
696 631 959 693 operationes
971 643 1151 694 quarum
1159 625 1287 675 altera
1296 628 1354 676 est
1364 624 1489 694 ipfius
1500 625 1592 674 finis
1602 662 1616 684 ‚
1628 634 1671 673 &
1682 625 1785 674 huiu
1804 643 1905 674 mo-

289 694 304 738 i
325 695 561 758 operationi
586 690 814 759 applicatur
829 710 990 740 nomen
1009 691 1135 760 ipsius
1157 698 1376 759 potentiae,
1396 690 1634 759 diciturque
1654 700 1698 740 δι
1721 690 1806 758 ipsa
1824 709 1904 740 vo-

257 754 391 805 luntas
413 755 481 804 stu
501 754 609 807 velle
621 755 786 807 *Altera
796 755 896 807 νει-ὸ
916 759 975 806 est
987 776 1137 807 corum
1155 759 1397 816 bonorum,
1410 775 1504 825 quae
1513 757 1606 806 sunt
1616 757 1670 806 ad
1690 757 1817 804 finem
1829 794 1843 814 ,
1857 766 1902 806 δε

257 822 459 877 istorum,
472 821 957 891 esteleffio,dicin'1rque
978 823 1209 873 intellectus
1221 842 1270 873 ea
1294 824 1470 891 eligere,
1483 832 1527 872 &
1548 828 1657 871 circa
1668 822 1754 870 haec
1775 825 1835 871 est
1853 822 1905 871 li-

258 886 409 943 berum
418 888 647 938 arbitrium.
658 890 803 938 Modo
816 888 935 938 ficuti
946 890 985 938 se
994 889 1120 938 habet
1137 889 1371 939 intelledus
1383 894 1491 939 circa
1500 893 1633 957 princi
1662 893 1701 936 ia
1712 893 1843 955 prima
1856 898 1901 937 δε

259 952 619 1021 conclusiones,ita
628 954 667 1007 se
677 953 803 1004 habet
814 954 1005 1006 voluntas
1015 962 1121 1004 circa
1131 974 1181 1004 ea
1190 974 1284 1024 quae
1294 960 1449 1023 appetit
1460 993 1470 1004 .
1492 959 1612 1004 Nam
1623 906 1744 1006 sicuti
1753 959 1902 1003 veritas

176 1038 211 1081 B
257 1019 413 1086 absque
423 1018 505 1068 vlla
513 1019 701 1074 falfitate,
718 1030 761 1071 δε
773 1027 971 1070 omniurn
992 1022 1163 1071 tandem
1172 1027 1321 1071 veritas
1333 1026 1570 1070 continetur
1580 1026 1623 1069 in
1635 1025 1776 1087 primis
1790 1029 1903 1087 prin-

259 1089 373 1152 cipijs
387 1105 398 1132 :
413 1103 501 1152 quo
514 1086 561 1135 fit
581 1102 627 1135 vt
645 1085 877 1135 intelle&us
896 1088 1034 1136 statim
1045 1092 1101 1135 eis
1112 1089 1346 1136 affentiatur
1364 1105 1502 1154 neque
1522 1087 1576 1135 ab
1596 1084 1674 1134 illis
1696 1086 1902 1134 dissentire

291 1166 405 1198 ucat:
427 1150 765 1201 conclusionibus
783 1151 885 1202 verb
903 1155 1111 1202 assentitur
1130 1152 1350 1202 neceffario
1370 1152 1434 1200 his
1454 1153 1629 1220 quidem
1652 1170 1744 1218 quae
1766 1151 1902 1201 neces-

256 1168 405 1264 sariam
425 1219 763 1285 consequentiam
779 1217 932 1267 habere
951 1219 1143 1268 videntur
1162 1237 1213 1267 ex
1236 1222 1470 1286 principijs:
1492 1218 1582 1280 alijs
1603 1215 1704 1266 vero
1726 1216 1902 1265 conclu-

257 1280 443 1330 fionibus
455 1285 661 1350 inquibus
673 1283 761 1332 haec
771 1285 985 1333 neceffatia
1007 1287 1402 1351 consequentiarum
1414 1283 1486 1331 ins
1503 1288 1725 1337 icitur,non
1738 1288 1900 1350 penitus

257 1348 467 1396 assentitur
485 1348 739 1399 intelleetus:
762 1349 819 1398 fic
837 1368 1014 1418 quoque
1033 1349 1227 1398 voluntas
1252 1354 1294 1398 in
1314 1349 1448 1417 ipsum
1470 1302 1598 1397 finem
1624 1348 1824 1396 vltimum
1846 1349 1902 1396 de

257 1412 491 1462 necestitate
511 1416 637 1465 fertur
649 1436 661 1462 ι
671 1415 749 1464 illis
760 1432 903 1465 autem
915 1435 1007 1483 quae
1017 1414 1107 1464 sunt
1119 1416 1171 1464 ad
1182 1416 1334 1470 finem,
1355 1424 1398 1462 δι
1420 1416 1512 1462 sunt
1534 1419 1678 1461 omnia
1698 1413 1775 1461 alia
1786 1415 1901 1462 bona

291 1497 353 1527 uae
373 1484 529 1546 appetit
551 1505 563 1539 ;
583 1479 659 1531 nifi
677 1482 941 1530 necessariam
969 1483 1185 1530 videantur
1204 1480 1342 1548 aperte
1361 1479 1514 1528 habere
1534 1480 1587 1527 de
1618 1480 1853 1528 endentiam
1876 1481 1902 1527 a

257 1497 341 1592 Eue
359 1544 511 1593 vltimo
523 1582 537 1603 ,
549 1552 649 1612 quia
659 1549 749 1595 sunt
761 1548 877 1595 bona
899 1556 941 1595 &
953 1546 1109 1595 habent
1127 1544 1253 1595 etiam
1263 1545 1318 1594 ali
1350 1564 1448 1594 uem
1457 1546 1564 1592 boni
1576 1497 1901 1611 d’efefitum3po-

257 1610 335 1658 test
345 1608 539 1659 voluntas
551 1617 593 1659 in
605 1630 652 1660 ea
659 1613 747 1660 fieri
757 1649 770 1669 ,
785 1621 827 1660 &
840 1630 888 1660 ea
899 1631 1089 1670 renuere;
1101 1631 1189 1679 quo
1200 1611 1250 1660 fit
1264 1565 1360 1660 vta:
1372 1611 1500 1678 ipsam
1508 1626 1602 1676 agat
1614 1615 1656 1658 in
1666 1609 1744 1657 illis
1758 1611 1896 1675 prost-

257 1677 435 1742 quendis
449 1713 459 1724 .
485 1681 567 1724 His
579 1676 721 1744 pofitis
733 1694 1073 1744 argumentamur
1093 1683 1233 1744 primo
1245 1696 1295 1724 ex
1310 1694 1426 1744 parte
1436 1680 1692 1743 operationis
1704 1675 1899 1724 volunta-

188 1766 230 1808 C
259 1748 309 1788 tis
319 1778 333 1800 ‚
345 1759 438 1807 quae
448 1743 505 1790 est
517 1748 623 1791 circa
642 1742 841 1792 Vltimum
855 1744 1005 1801 finem5
1015 1743 1167 1792 deinde
1187 1760 1238 1791 ex
1248 1759 1360 1809 parte
1380 1745 1630 1809 operationis
1643 1746 1726 1789 eius
1738 1760 1830 1808 qua:
1842 1743 1898 1789 est

259 1804 409 1855 elestio
433 1833 445 1866 ς
467 1806 587 1874 quod
609 1807 839 1857 intellectus
861 1807 1047 1856 hominis
1069 1810 1127 1856 est
1146 1807 1421 1856 immortalis,
1444 1810 1758 1873 Argumentum
1782 1825 1898 1873 ergo,

257 1873 423 1920 bonum
436 1910 449 1930 ,
461 1873 582 1939 quod
599 1873 793 1923 voluntas
815 1879 969 1942 appetit
981 1891 1026 1923 vt
1045 1873 1242 1922 vltimurri
1264 1874 1416 1931 finem,
1428 1874 1486 1921 est
1510 1874 1672 1921 bonum
1688 1874 1807 1939 quod
1820 1892 1898 1920 vo-

257 1937 393 1986 luntas
417 1956 587 1986 renuere
613 1958 701 1987 non
721 1941 882 2006 potest,
901 1949 943 1987 &
967 1940 1089 2006 quod
1121 1944 1242 1987 omni
1256 1954 1430 2007 exparte
1444 1937 1710 1987 voluntatem
1734 1937 1894 2004 implet.

257 2003 341 2051 Sed
351 2002 473 2051 huius
485 2005 781 2053 modibonum
792 2004 869 2053 esse
879 2023 967 2052 non
987 2006 1123 2070 potest
1143 2004 1217 2052 nifi
1240 2006 1405 2052 bonum
1424 2003 1686 2071 illud‚qu0d
1708 2009 1900 2052 continet

257 2086 389 2116 omne
399 2070 563 2118 bonum
575 2107 589 2125 ,
599 2070 665 2120 vel
675 2072 801 2119 status
811 2074 1008 2118 omnium
1019 2071 1234 2118 bonorum
1246 2075 1538 2137 aggregatione
1550 2071 1752 2136 perfectus
1768 2094 1780 2126 3
1792 2087 1832 2116 er
1837 2087 1896 2136 go

259 2134 449 2192 bonurn,
461 2136 581 2202 quod
602 2136 659 2184 est
679 2136 771 2183 finis
785 2135 955 2185 Vltimus
975 2135 1201 2186 voluntatis
1231 2138 1402 2194 nostrae,
1425 2137 1482 2183 est
1502 2136 1669 2183 bonum
1680 2140 1896 2184 continens

259 2217 391 2248 omne
413 2201 1032 2269 bonum.Antequamvlterius
1075 2202 1344 2260 recedamus,
1365 2200 1620 2250 declaremus
1644 2199 1898 2268 propositio-

259 2283 331 2312 nes
343 2264 451 2313 illius
461 2265 673 2332 sylogifini
685 2305 695 2315 .
729 2272 877 2316 Minor
887 2286 1023 2335 propo
1042 2279 1119 2316 itio
1133 2285 1225 2335 quae
1238 2274 1374 2335 primo
1387 2267 1445 2315 est
1455 2266 1590 2335 pofita
1600 2303 1614 2324 ,
1628 2282 1832 2332 quantum
1843 2266 1898 2314 ad

257 2334 439 2396 primam
451 2337 535 2379 eius
547 2332 873 2398 partem,scilicet
889 2334 1007 2401 qnod
1015 2334 1318 2400 bonum,quod
1330 2334 1387 2380 est
1410 2332 1576 2380 vltimus
1589 2332 1680 2379 finis
1702 2330 1899 2380 volunta-

261 2396 555 2454 tis3estbonum
565 2403 609 2446 in
621 2399 739 2466 quod
749 2400 972 2448 neceffario
983 2398 1312 2448 ferturvoluntas
1322 2435 1334 2452 .
1345 2397 1558 2447 manifesta
1580 2398 1638 2445 est
1656 2416 1706 2445 ex
1716 2399 1896 2464 superius

180 2486 227 2529 D
261 2461 381 2510 dictis
395 2483 407 2509 z
419 2469 519 2529 quia
529 2462 721 2512 voluntas
733 2464 1033 2513 eodemmodo
1045 2464 1219 2512 sehabet
1230 2465 1283 2512 ad
1294 2463 1398 2512 illud
1420 2464 1582 2511 bonum
1602 2462 1896 2530 appetendum:

262 2545 353 2594 quo
374 2527 603 2577 intellectus
627 2531 667 2577 se
693 2529 817 2579 habet
845 2531 899 2579 ad
915 2531 1213 2578 affentiendum
1244 2535 1384 2597 primis
1405 2534 1611 2595 principiis
1634 2565 1644 2576 .
1671 2533 1898 2588 Qntum

264 2590 366 2642 vero
386 2593 439 2641 ad
460 2595 679 2643 secundam
731 2614 861 2646 artem
885 2594 1004 2662 quod
1023 2595 1175 2644 scilicet
1197 2594 1302 2643 illud
1322 2597 1486 2642 bonum
1496 2595 1554 2642 est
1564 2594 1730 2646 bonum
1743 2630 1756 2651 ,
1776 2593 1896 2659 quod

265 2664 387 2707 omni
407 2677 455 2706 ex
475 2678 589 2727 parte
607 2614 753 2729 implet
777 2661 1039 2710 voluntatem
1051 2697 1064 2718 ,
1087 2662 1286 2728 probatur
1298 2698 1309 2709 .
1332 2665 1449 2709 Deus
1464 2669 1506 2708 &
1528 2676 1672 2708 natura
1683 2678 1770 2706 non
1780 2659 1898 2707 dedit

263 2730 493 2836 pppetitum
504 2726 647 2786 rebus,
669 2726 743 2776 nifi
765 2744 809 2776 vt
831 2746 903 2795 per
921 2726 1041 2776 illum
1075 2726 1368 2776 inclinarentur
1386 2726 1438 2774 ad
1458 2725 1585 2772 finem
1608 2742 1730 2791 atque
1742 2723 1794 2772 ad
1808 2743 1896 2791 per-

285 2793 493 2839 eEkionem
515 2791 591 2840 fibi
621 2798 941 2841 conuenientem
959 2832 970 2843 .
1009 2798 1115 2855 Q9
1147 2793 1195 2841 fit
1223 2808 1270 2840 vt
1288 2798 1330 2839 in
1358 2791 1556 2839 omnibus
1589 2791 1710 2837 rebus
1736 2809 1758 2837 a
1788 2794 1894 2856 peti-

265 2870 331 2903 tus
351 2857 667 2924 correspondeat
715 2859 931 2906 erfeffikioni
947 2896 961 2918 ,
981 2856 1089 2907 adeo
1113 2875 1157 2906 vr
1175 2877 1310 2924 neque
1330 2856 1380 2904 fit
1400 2862 1561 2914 maior,
1584 2874 1720 2922 neque
1759 2872 1792 2902 it
1813 2859 1896 2902 mi·-

265 2938 347 2968 nor
395 2921 641 2982 etfefflone,
653 2876 846 2990 adquam
857 2942 918 2972 res
931 2923 999 2971 illa
1009 2925 1067 2971 est
1077 2924 1289 2971 ordinata.
1312 2927 1420 2971 Non
1440 2926 1552 2969 enim
1560 2920 1659 2969 fecit
1678 2936 1822 2968 natura
1831 2926 1895 2970 in-

265 2992 347 3035 trin
365 3005 437 3036 eca
446 2995 713 3055 repugnantia
723 2990 951 3038 extrinsecis
968 2987 1095 3047 ,ficut
1105 2990 1207 3037 dicit
1230 2986 1504 3054 Philosophus
1516 2993 1558 3035 in
1570 2993 1708 3054 primo
1720 2986 1772 3035 de
1793 2991 1894 3033 Coe-

267 3050 313 3100 lo
324 3069 469 3104 contra
479 3053 961 3125 Platonemzquapropter
972 3054 1231 3124 corruptibili
1241 3055 1355 3105 dedit
1366 3053 1503 3103 causas
1514 3051 1749 3168 αῑηιιιξεξξιε
1760 3052 1894 3120 ipsum

1676 3136 1718 3179 ιι]
