2455 3671
595 269 937 344 LIBER
1001 272 1622 347 SECVNDVS·
1980 318 2089 378 225

244 393 282 444 Α
312 378 369 427 est
375 379 521 425 a'nimae
531 374 737 430 naturale,
746 373 865 425 sicuti
883 377 1076 426 naturalis
1088 379 1147 428 est
1163 384 1222 431 rei
1231 384 1368 448 grauis
1378 415 1392 439 ,
1408 388 1456 428 δε
1464 395 1609 431 ηιατυς
1619 379 1672 430 ad
1682 395 1872 431 centrum
1894 387 1941 430 &-

308 448 423 511 quies
433 446 477 490 in
487 458 630 492 centro
641 477 653 491 .
666 443 801 504 Q9d
811 440 843 490 fi
855 460 1028 509 quaeras,
1039 461 1113 492 cur
1121 451 1260 495 anima
1271 450 1410 515 potius
1421 446 1618 496 definitur
1627 465 1698 516 per
1708 448 1787 496 effe
1795 451 1943 497 adium

308 528 360 559 co
409 513 491 558 oris
500 545 515 568 ,
526 505 654 576 quim
663 526 737 576 per
744 509 823 556 effe
831 508 1059 623 separatum
1073 512 1193 578 quod
1203 510 1523 563 habet.dicimu³
1533 513 1588 562 ad
1596 512 1698 572 hoc,
1707 514 1828 582 quod
1839 511 1943 564 cum

307 577 335 626 d
390 579 565 625 nitionea
575 573 726 622 dentur
732 589 781 624 vt
790 591 851 624 res
891 574 1030 625 efinita
1039 578 1420 638 innotescananima
1429 575 1530 630 vero
1542 580 1768 628 stcundum
1780 581 1862 629 effe
1869 581 1943 630 εὸ-

306 645 495 692 ὶυηέὶυιῃ
515 638 565 688 fit
579 639 701 688 nobis
722 656 849 701 nota,
860 638 1087 691 secundum
1104 643 1181 692 effe
1199 644 1429 713 separatum
1450 642 1780 713 ignoia;ieeire‹*>
1800 651 1940 714 potius

306 708 497 756 definitur
507 705 734 755 secundum
745 706 824 755 elle
834 712 1109 759 coniunctum
1119 710 1250 777 quim
1260 712 1412 759 secund
1416 730 1488 760 um
1498 710 1576 761 effe
1584 711 1826 780 separatum.
1837 711 1942 762 illud

305 771 405 824 vero
419 809 433 832 ,
449 772 567 839 quod
581 772 717 820 subdis
727 809 742 830 ,
751 770 1051 840 perfeffionem
1063 792 1202 823 rerum
1214 794 1302 823 non
1314 776 1531 826 consistere
1540 782 1582 826 in
1594 782 1747 846 quiete,
1758 777 1828 827 sed
1836 782 1880 826 in
1891 795 1942 826 o-

305 843 512 908 peratione
521 875 531 886 .
545 856 623 886 nos
645 856 821 906 quoque
831 838 1008 889 dicimus
1019 859 1163 890 verum
1175 842 1219 889 id
1232 844 1310 889 effe
1323 878 1333 889 .
1346 860 1483 910 neque
1493 861 1572 891 nos
1596 840 1669 911 per
1677 848 1864 912 quietem
1876 848 1941 892 in-

305 902 492 954 tellexiffe
501 908 777 971 priuationem
790 911 1083 974 operationum
1097 941 1109 960 ‚
1120 907 1187 958 sed
1199 906 1544 972 adimpletionem
1556 911 1940 978 quandam‘appeti-

303 986 365 1019 tus
387 984 458 1038 per
472 975 792 1020 conuenientem
816 981 860 1020 ει
872 970 1049 1020 omnino
1061 971 1137 1020 fibi
1157 977 1518 1040 proportionatam
1538 992 1566 1021 o
1598 978 1824 1024 emtionem
1836 1011 1848 1024 .
1865 980 1938 1023 De

235 1060 263 1103 B
303 1034 407 1085 stxta
415 1034 623 1084 solutione
633 1041 693 1085 im
695 1038 1035 1106 pugnationeque
1045 1038 1101 1087 nil
1113 1037 1219 1086 mihi
1230 991 1644 1105 dicendum-amplius
1656 1040 1798 1088 iudico
1804 1059 1822 1087 ἰ
1834 1059 1938 1088 cona·

301 1100 431 1151 ferant
451 1106 525 1170 qui
543 1101 717 1168 legerint
731 1102 985 1152 solutionem
996 1105 1178 1152 nostram
1190 1108 1496 1170 impugnationi
1508 1140 1521 1160 ‚
1532 1101 1848 1172 adhaereintque
1868 1110 1938 1153 cui

301 1166 467 1216 libitum
477 1167 601 1216 fuerit
609 1203 621 1216 .
639 1169 683 1216 id
695 1166 794 1217 vero
803 1205 817 1227 ,
830 1169 949 1236 quod
960 1169 1146 1218 subditur
1155 1206 1168 1228 ,
1180 1170 1300 1237 quod
1311 1168 1343 1217 fi
1364 1168 1554 1235 intelligit
1573 1168 1659 1218 fine
1676 1168 1938 1236 phantafina-

301 1250 355 1292 te,
367 1248 467 1281 tunc
477 1251 565 1282 non
575 1233 882 1291 eritrationalis,
893 1235 959 1284 sed
971 1234 1199 1284 intellectus
1211 1260 1223 1295 ς
1236 1235 1450 1303 poffumus
1466 1243 1508 1283 δι
1520 1253 1670 1301 negare
1680 1236 1938 1302 consequen-

301 1303 425 1358 tiam,
438 1307 484 1347 δε
503 1303 627 1348 ctiam
641 1300 871 1349 concedere
891 1301 1144 1368 consequens
1155 1336 1165 1347 .
1176 1305 1294 1349 Nam
1316 1297 1413 1350 etim
1425 1305 1530 1349 ratio
1544 1300 1592 1350 fit
1610 1299 1839 1350 intellectus
1856 1301 1937 1349 ob-

303 1366 512 1414 umbratus
523 1401 537 1423 ,
547 1367 650 1432 quid
670 1371 827 1414 mirum
838 1365 867 1414 fi
881 1367 974 1434 post
993 1372 1197 1415 tationem
1209 1365 1434 1434 perfestam
1449 1372 1586 1415 anima
1596 1368 1624 1414 d
1628 1370 1788 1415 eueniat
1798 1366 1851 1415 ad
1862 1384 1938 1414 co-

301 1434 531 1497 gnitionem
542 1467 556 1489 ,
568 1449 661 1497 quae
669 1432 753 1480 dici
763 1429 887 1498 poffit
896 1430 1127 1481 intellectus
1139 1444 1154 1480 ἓ
1167 1430 1258 1480 imo
1268 1430 1352 1480 fer&
1360 1431 1445 1480 hoc
1455 1432 1604 1480 accidit
1616 1436 1657 1480 in
1668 1435 1706 1482 vi
1712 1436 1853 1498 ris‚qui
1865 1450 1939 1480 ex·-

302 1493 561 1544 ercitatiffimi
572 1499 663 1546 sunt
673 1502 717 1545 in
727 1496 899 1548 scientiis
910 1535 923 1558 ‚
931 1514 977 1547 vt
987 1499 1089 1546 dicit
1100 1499 1242 1547 beatus
1254 1498 1446 1547 Thomas
1458 1502 1500 1545 in
1510 1496 1696 1564 pluribus
1706 1496 1937 1546 locisHaec

301 1562 353 1610 de
360 1559 476 1611 sexta.
494 1565 623 1611 Nunc
635 1563 861 1612 dicendum
873 1565 926 1613 de
935 1565 1107 1632 septima
1117 1562 1270 1615 solutio
1276 1582 1326 1612 ne
1338 1568 1397 1611 im
1400 1562 1750 1630 pugnatione'que:
1758 1564 1936 1611 dicimus

301 1627 419 1695 quod
430 1628 575 1677 desunt
587 1629 781 1696 quaedam
791 1629 915 1678 verba
926 1635 967 1678 in
979 1628 1187 1678 solutione
1197 1630 1334 1677 nostra
1344 1665 1358 1688 ,
1370 1629 1488 1695 quod
1501 1627 1650 1677 scilicet
1669 1633 1866 1696 potentiae
1887 1627 1938 1677 il-

299 1691 677 1762 laecorrumpuntur
688 1732 702 1752 ‚
712 1711 758 1744 vt
775 1695 1039 1744 manifestum
1051 1697 1110 1744 est
1119 1732 1129 1743 .
1142 1695 1234 1744 sunt
1246 1699 1358 1744 enim
1370 1693 1498 1742 affixa:
1507 1698 1672 1760 organis
1687 1703 1727 1742 ὅτ.
1743 1698 1936 1743 materia-

240 1783 275 1828 ς
299 1757 370 1810 les.
381 1759 501 1828 quod
511 1758 611 1809 vero
620 1761 723 1809 dicis
733 1761 853 1829 quod
864 1765 1077 1828 corrumpi
1089 1777 1300 1828 nequeunt
1310 1798 1324 1819 ,
1336 1766 1435 1826 quia
1453 1762 1616 1808 essentia
1626 1764 1770 1825 nequit
1780 1758 1938 1826 separa-

297 1824 368 1874 rii
384 1826 783 1893 potentia,diximus
803 1828 845 1875 su
879 1825 945 1882 ri,
957 1827 1075 1893 quod
1087 1826 1230 1875 abillis
1250 1828 1448 1894 potentiis
1460 1862 1472 1884 ‚
1484 1843 1578 1892 quae
1588 1843 1673 1873 non
1688 1826 1779 1874 lunt
1798 1829 1842 1872 in
1853 1825 1940 1892 ipsa

298 1907 501 1958 tanquam
511 1896 554 1939 in
565 1892 750 1942 subiecito
763 1930 777 1949 ‚
787 1846 909 1941 sedin
920 1891 1161 1959 composito
1174 1926 1189 1946 ,
1201 1902 1244 1940 &
1258 1891 1350 1940 sunt
1368 1890 1498 1939 affixae
1508 1894 1708 1950 materiae,
1722 1891 1854 1958 potest
1876 1890 1936 1938 οὗ

297 1957 423 2005 sentia
435 1955 626 2025 separari,
635 1959 755 2025 quod
775 1960 958 2026 sequitur
967 1963 1091 2007 etiam
1112 1957 1339 2006 secundum
1350 1955 1606 2024 politionem
1616 1973 1728 2004 tuam
1742 1992 1753 2004 .
1766 1958 1884 2003 Nam
1898 1954 1929 2003 (ἰ

299 2027 367 2072 cui
377 2039 571 2073 eruantur
581 2023 711 2083 oculi,
723 2029 907 2092 potentia
915 2023 1043 2073 vifiua
1054 2028 1347 2091 corrumpitur,
1360 2040 1450 2090 quae
1459 2020 1578 2071 affixa
1590 2038 1674 2070 erat
1684 2019 1742 2071 illi
1754 2040 1933 2088 organo,

297 2090 395 2138 licet
409 2089 573 2138 essentia
591 2095 737 2139 animae
747 2107 955 2140 remaneat
967 2126 979 2139 .
989 2096 1057 2139 De
1066 2107 1119 2137 eo
1130 2087 1230 2138 veri>
1242 2090 1360 2156 quod
1374 2090 1472 2138 dicis
1487 2125 1500 2148 ,
1511 2089 1632 2156 quod
1644 2093 1843 2156 quoniam
1856 2106 1938 2154 po-

297 2161 423 2205 tentia
441 2156 659 2207 ordinatur
667 2158 721 2206 ad
729 2160 871 2206 austum
881 2194 895 2216 ,
905 2157 1001 2205 ess'et
1011 2156 1154 2204 frustra
1163 2190 1177 2211 ,
1189 2153 1219 2203 fi
1232 2156 1388 2223 semper
1408 2155 1482 2203 suo
1492 2160 1718 2221 priuaretur
1738 2156 1832 2202 adiu
1846 2190 1858 2201 .
1872 2153 1936 2202 di-

299 2226 457 2282 cimus,
501 2223 591 2272 uod
611 2223 781 2292 quando
793 2229 907 2273 adius
916 2221 1023 2272 illius
1035 2226 1230 2290 potentiae
1250 2222 1302 2269 ad
1314 2220 1470 2288 aliquid
1482 2218 1594 2268 aliud
1616 2219 1828 2267 ordinatur
1848 2235 1936 2268 tan-

299 2306 427 2357 quam
513 2289 641 2338 finem
651 2326 665 2346 ‚
675 2286 775 2338 crim
795 2294 981 2356 potentia
998 2289 1201 2356 persuum
1222 2291 1364 2335 adium
1383 2289 1642 2354 comparauit
1656 2290 1694 2332 ei
1704 2322 1717 2342 ,
1730 2289 1845 2334 cuius
1886 2302 1937 2332 o-

299 2359 427 2403 tentia
437 2354 717 2414 est‚illud,ad
729 2356 851 2423 quod
873 2355 1142 2403 ordinabatur
1151 2358 1238 2402 eius
1257 2357 1494 2411 a&us,non
1506 2351 1656 2400 dicitur
1678 2350 1754 2398 effe
1774 2349 1838 2402 fru
1876 2368 1936 2408 ra,

299 2418 397 2469 licet
407 2422 681 2488 postmodum
693 2438 827 2470 careat
835 2425 930 2470 atstu
941 2446 953 2479 ς
962 2439 1018 2488 qu
1023 2425 1061 2469 ia
1072 2420 1193 2469 suum
1203 2419 1378 2468 assecuta
1392 2419 1448 2466 est
1459 2417 1586 2467 finem
1598 2453 1612 2475 ,
1624 2433 1670 2464 vt
1680 2431 1790 2483 patet
1800 2416 1852 2463 de
1864 2434 1937 2464 au-

228 2505 269 2551 D
301 2491 557 2553 gmentatiua
571 2523 586 2536 .
603 2492 673 2536 De
693 2490 845 2536 octaua
863 2485 1071 2536 solutione
1088 2483 1492 2554 impugnationeque
1512 2481 1600 2531 fitis
1622 2482 1784 2530 diEium
1804 2486 1850 2529 in
1870 2483 1931 2528 st-

303 2552 445 2601 cundo
466 2551 919 2634 suppofito,quoniarn
939 2551 1207 2619 intelligentia
1227 2550 1298 2599 det
1316 2549 1394 2598 effe
1406 2549 1522 2598 orbi.
1543 2544 1694 2596 iccitcb
1714 2564 1802 2594 non
1820 2564 1936 2613 repe-

301 2633 373 2667 to.
386 2618 437 2667 ld
455 2636 557 2667 vero
577 2619 697 2687 quod
707 2623 751 2667 in
771 2619 855 2667 fine
864 2619 969 2669 dicis¹
989 2619 1042 2667 de
1053 2619 1177 2667 beato
1197 2615 1396 2670 Thorna.
1408 2618 1484 2683 qui
1504 2614 1604 2663 dixit
1623 2610 1936 2679 intelligentiam

303 2683 381 2733 effe
397 2682 583 2734 formam
604 2684 701 2734 eceli
727 2690 770 2734 in
791 2686 973 2734 secundo
993 2701 1139 2734 eontra
1167 2682 1352 2732 Gentiles
1364 2718 1378 2738 ,
1388 2684 1520 2749 capite
1538 2677 1836 2747 septuagesimo
1856 2714 1870 2734 ,
1889 2682 1937 2726 in

303 2768 393 2819 quo
413 2749 519 2800 nihil
539 2751 641 2801 dicit
660 2751 715 2800 de
735 2751 813 2801 hac
834 2770 878 2800 re
888 2788 902 2810 ,
913 2769 995 2819 ego
1015 2749 1203 2799 nonsatis
1221 2746 1410 2813 intelligo
1422 2746 1524 2814 quid
1546 2745 1654 2794 dicas
1666 2781 1682 2802 ,
1690 2761 1796 2812 puto
1816 2743 1936 2793 firiffe

303 2815 553 2885 impressoria
573 2822 725 2867 vitium
741 2854 751 2867 .
770 2822 840 2867 De
849 2834 963 2866 nona
979 2815 1189 2866 solutione
1200 2810 1646 2927 ,itnpitilgtnationeque³
1660 2814 1760 2877 quia
1780 2807 1850 2858 illa
1870 2807 1937 2858 so·-

303 2881 578 2951 lutio‚quam
597 2891 817 2951 impugnat
843 2882 1081 2932 excellentia
1099 2899 1294 2941 tuamen
1394 2879 1530 2927 nostra
1550 2875 1786 2934 solutio,vt
1806 2879 1939 2925 mani-

304 2947 457 3000 festum
475 2950 534 2998 est
552 2947 705 3016 legenti
717 2946 893 3007 ‚iccirco
907 2947 965 2997 nil
979 2947 1085 2998 mihi
1105 2947 1328 2998 dicendum
1352 2945 1412 2993 est
1421 2980 1432 2993 .
1446 2944 1500 2992 de
1509 2961 1562 2992 eo
1572 2942 1714 3010 ,quod
1736 2941 1872 2991 subdis
1883 2959 1939 2989 an

305 3011 443 3067 horno
455 3013 550 3066 vere
567 3033 735 3064 corrum
788 3032 855 3065 tur
863 3051 877 3075 ,
887 3031 997 3084 patet
1008 3015 1127 3083 quod
1137 3031 1228 3063 non
1238 3018 1296 3061 ita
1304 3008 1398 3060 vere
1406 3014 1686 3075 corrumpitur
1696 3005 1814 3056 fieuti
1821 3023 1939 3056 caete-

307 3099 547 3149 raquorum
565 3081 713 3130 fonnae
753 3079 923 3146 sefinunt
931 3080 1028 3131 essc-
1041 3085 1111 3130 De
1129 3077 1338 3128 solutione
1356 3073 1756 3144 impugnationeque
1774 3074 1938 3122 decima

308 3148 483 3203 dicimus
493 3185 509 3210 ,
521 3148 643 3220 quod
663 3152 859 3219 quamuis
879 3152 1029 3198 Scottis
1057 3141 1414 3197 excellentiffimus
1430 3145 1494 3194 vir
1512 3139 1938 3260 εειιιιετίεὓίηρἰιιίἀυα

1757 3223 1787 3275 ²)
