2455 3671
368 269 509 340 626
1014 258 1143 330 IN
1207 258 1769 331 PSALMVM

533 381 584 412 ex
604 359 739 412 nihilo
749 361 899 411 faceres
909 387 921 421 ς
931 366 1042 429 prius
1053 381 1155 431 ergo
1164 383 1213 414 ex
1223 366 1414 416 bonitate
1426 376 1470 416 δε
1482 364 1760 415 misericordia
1770 378 1842 412 tua
1859 362 2028 411 filerunt
2036 399 2051 423 ,
2063 361 2191 431 quim
2221 350 2261 396 Ε

532 434 591 479 cis
600 427 761 496 aliquid
778 429 998 477 deberetur
1008 467 1020 478 .
1033 433 1141 479 Ecce
1150 434 1380 499 quomodo
1389 431 1670 482 misericordia
1680 429 1871 498 praecedit
1880 429 2040 477 iustitiae
2050 447 2190 497 opera.

531 500 646 563 Ergo
659 498 832 544 domine
843 492 874 541 fi
884 494 1134 544 misereberis
1148 504 1234 547 mei
1243 537 1256 559 ,
1267 497 1299 546 fi
1310 505 1439 566 eriges
1451 499 1610 546 sensum
1621 502 1771 544 animae
1781 513 1887 543 meae
1895 495 1950 543 ad
1964 495 2120 544 inferos
2130 497 2194 545 vs-

533 578 619 629 que
629 566 908 617 incuruatum,
919 559 949 608 fi
960 560 1124 612 attolles
1137 565 1190 612 ad
1201 582 1244 614 te
1254 570 1398 614 Deum
1409 561 1810 622 viuentem,filuabis
1820 562 1963 629 postea
1973 578 2044 609 me
2052 579 2127 629 per
2135 567 2194 611 iu-

532 631 686 676 stitiam
698 628 1028 676 tuam.Mistrtus
1036 647 1078 676 es
1089 636 1176 679 mei
1186 630 1662 690 semel,fateor,mifi=rtus
1673 628 2046 686 iterum,concedo·‚
2056 630 2194 677 eruisti

532 711 605 742 me
615 695 752 760 sepius
766 711 816 740 ex
833 691 976 758 abyffo
988 711 1259 761 peccatorum
1273 707 1317 746 δε
1336 697 1655 746 tribulationum
1668 732 1679 743 .
1692 697 1799 742 Non
1809 691 1992 742 diffiteor
2002 730 2014 742 .
2025 697 2194 743 Tamen

532 761 711 808 domine
732 758 920 807 miscrere
931 761 1061 808 nostri
1071 761 1210 811 adhuc
1221 788 1234 821 3
1246 763 1384 812 donec
1394 768 1574 812 viuimus
1596 766 1640 810 in
1652 759 1814 808 mundo
1826 795 1840 818 ,
1852 759 2088 825 indigemus
2109 778 2195 828 ope

532 842 606 874 tua
616 862 630 884 ,
642 825 888 892 cespitamus
899 823 1039 893 saepius
1049 861 1063 882 ,
1077 828 1265 877 cadimus
1275 831 1512 896 frequenter
1522 832 1622 895 quia
1632 832 1674 875 in
1686 826 1852 874 mundo
1860 824 2001 873 sumus
2013 862 2024 873 .
2038 828 2109 873 Tu
2121 843 2196 874 au-

532 907 621 940 tem
643 909 732 939 non
742 910 784 938 es
795 896 839 938 in
849 891 1013 939 mundo
1025 917 1038 950 ·,
1050 894 1223 959 quando
1244 911 1384 943 autem
1396 901 1521 944 etiam
1532 912 1612 942 nos
1622 911 1694 960 per
1704 895 1877 958 gratiam
1889 906 2004 938 tuam
2016 909 2105 939 non
2116 896 2198 939 eri-

531 975 628 1006 mus
640 961 682 1004 in
696 956 860 1005 mundo
869 993 881 1012 ,
893 975 981 1004 non
991 958 1271 1008 aberrabimus
1283 998 1296 1016 ,
1307 979 1395 1010 non
1407 962 1601 1010 cademus
1612 984 1625 1017 ·,
1637 962 1766 1006 Nunc
1776 955 1876 1006 vero
1888 961 2197 1024 peregrinamur

531 1024 606 1072 abs
618 1039 660 1071 te
670 1059 684 1080 ,
693 1028 736 1071 in
749 1022 914 1071 mundo
923 1022 1064 1072 sumus
1073 1031 1304 1090 innumeris
1315 1025 1473 1094 laqueis
1486 1025 1697 1093 impliciti.
1721 1026 1944 1070 Memento
1955 1023 2078 1090 quod
2088 1023 2141 1070 ad
2153 1040 2194 1071 te
2220 1028 2254 1070 F

562 1105 693 1138 atrem
705 1089 853 1136 dixerit
865 1086 969 1136 filius
984 1105 1079 1138 tuus
1091 1092 1198 1140 Iesus
1207 1126 1221 1146 ,
1232 1097 1351 1141 Pater
1361 1095 1474 1141 serua
1485 1111 1556 1141 eos
1570 1128 1582 1147 ,
1595 1095 1692 1158 quia
1704 1094 1747 1137 in
1758 1087 1922 1137 mundo
1933 1088 2026 1136 sunt
2036 1125 2048 1137 .
2062 1090 2196 1138 Vide-

529 1107 607 1203 bat
618 1158 707 1222 pius
721 1153 827 1202 lesus
839 1154 989 1202 mundi
999 1156 1205 1216 stimulos,
1214 1158 1498 1206 infirmitatem
1512 1159 1694 1205 nostram
1707 1154 1870 1212 sciebat,
1882 1171 2010 1221 quare
2019 1171 2196 1203 nouerat

533 1226 739 1269 continuo
753 1219 946 1286 quodam
957 1219 1151 1270 fomento
1163 1241 1242 1271 nos
1253 1225 1437 1290 indigere
1448 1262 1462 1281 ‚
1474 1219 1632 1272 idcirco
1643 1237 1736 1269 ante
1747 1221 1914 1268 obitum
1927 1235 2019 1268 orat
2029 1236 2071 1268 te
2079 1236 2195 1288 pater

533 1290 805 1353 omnipotens
817 1302 895 1352 pro
907 1287 1029 1334 nobis
1042 1324 1055 1342 ,
1066 1304 1112 1336 vt
1123 1290 1256 1338 serues
1268 1307 1346 1337 nos
1361 1326 1374 1346 ,
1384 1295 1482 1355 quia
1494 1295 1535 1336 in
1550 1288 1712 1337 mundo
1724 1287 1864 1334 sumus
1878 1322 1888 1332 .
1906 1290 2057 1334 Orauit
2069 1292 2194 1335 etiam

532 1370 613 1420 pro
627 1353 861 1407 nobis‚cum
875 1367 952 1417 pro
963 1351 1003 1400 se
1013 1353 1129 1410 dixit,
1141 1359 1258 1403 Pater
1268 1355 1456 1421 glorifica
1466 1354 1600 1402 filium
1612 1370 1748 1406 tuum,
1756 1367 1802 1400 vt
1813 1349 1920 1398 filius
1932 1367 2026 1399 tuus
2035 1350 2196 1417 glorifi-

532 1434 600 1466 cet
611 1434 652 1465 te
662 1454 672 1464 .
686 1422 781 1465 Scio
794 1416 968 1465 domine
979 1420 1098 1484 quod
1119 1419 1291 1469 effecius
1311 1419 1511 1488 perfefflo
1524 1421 1576 1468 ad
1597 1419 1776 1485 gloriam
1788 1417 1915 1464 causae
1934 1422 2080 1464 attinet
2090 1450 2105 1471 ,
2115 1436 2193 1465 nos

533 1483 670 1531 miseri
679 1483 929 1548 figmentum
941 1484 1083 1532 sumus
1095 1503 1298 1535 manuum
1310 1504 1491 1540 tuarum,
1502 1503 1548 1534 vt
1558 1503 1658 1552 ergo
1670 1490 1712 1532 in
1728 1483 1850 1531 nobis
1861 1482 2134 1531 sanctificetur
2144 1501 2193 1531 ac

533 1549 790 1616 glorificetur
809 1564 967 1596 nomen
979 1565 1101 1599 tuum
1123 1553 1328 1600 sanfflfica
1341 1562 1383 1600 &
1396 1552 1584 1619 glorifica
1595 1569 1672 1598 nos
1686 1587 1696 1598 .
1710 1553 1834 1596 Tunc
1846 1553 1958 1596 enim
1970 1549 2137 1596 euidens
2148 1554 2194 1597 in

532 1616 656 1663 nobis
675 1618 750 1661 erit
759 1618 901 1679 imago
919 1630 988 1662 tua
999 1650 1013 1669 ‚
1023 1618 1076 1665 ad
1088 1636 1216 1684 quarn
1228 1618 1326 1666 faeti
1337 1619 1477 1666 sumus
1488 1655 1500 1676 ,
1514 1634 1642 1684 quam
1656 1616 1892 1663 deformem
1904 1612 2011 1662 adeo
2023 1619 2130 1662 vitiis
2143 1633 2193 1662 ac

531 1684 709 1748 peccatis
721 1680 868 1726 nostris
880 1679 1069 1740 fecimus,
1081 1699 1127 1730 vt
1140 1683 1364 1731 deformati
1376 1685 1426 1731 ab
1438 1689 1618 1748 imagine
1634 1699 1704 1730 tua
1714 1682 1766 1728 ad
1780 1678 1956 1728 Diaboli
1965 1685 2193 1746 imaginem

531 1746 761 1795 videamur.
776 1746 994 1794 sanctifica
1004 1746 1106 1814 ergo
1118 1767 1195 1796 nos
1210 1750 1446 1804 domine,ac
1456 1750 1631 1796 instaura
1644 1751 1872 1812 imaginem
1886 1762 2015 1804 tuam,
2028 1746 2192 1794 Diabo-
2212 1751 2255 1796 G

531 1811 565 1859 li
576 1810 675 1860 verb
687 1815 913 1876 imaginem
937 1813 1097 1860 destrue
1109 1851 1119 1861 .
1143 1815 1277 1862 Pudet
1298 1833 1368 1862 me
1380 1814 1552 1862 domine
1568 1817 1760 1878 imaginis
1772 1810 1970 1868 Diaboli,
1982 1811 2111 1877 pudet
2121 1829 2192 1860 me

531 1894 753 1944 prauarum
774 1881 1076 1941 cogitationem
1088 1897 1136 1926 ac
1147 1879 1375 1928 affestuum
1394 1881 1545 1946 quibus
1558 1878 1760 1926 distrahor
1771 1914 1781 1924 .
1796 1877 1989 1924 Miserere
2000 1894 2100 1943 ergo
2112 1895 2192 1924 no-

531 1944 708 2009 stri‚quia
717 1940 878 1989 multam
886 1944 1139 2012 replerifiamus
1146 1945 1549 2013 despeffionemulrum
1559 1945 1694 2010 repleta
1705 1945 1758 1990 est
1766 1947 1896 1989 anima
1905 1942 2036 2004 nostra.
2051 1946 2191 1991 Exter-

531 2026 587 2056 na
599 2008 684 2056 laus
697 2045 711 2066 ,
725 2017 767 2056 &
779 2025 943 2057 externa
954 2010 1163 2077 despefflo
1174 2019 1360 2059 animam
1371 2013 1554 2058 nostram
1567 2027 1655 2057 non
1674 2006 1822 2075 implet
1834 2046 1844 2055 .
1863 2012 1906 2055 Si
1917 2011 1990 2073 qui
2008 2013 2100 2056 vani
2112 2008 2191 2056 hu-

531 2079 666 2122 manis
679 2072 867 2121 laudibus
881 2074 1091 2123 ducuntur
1099 2093 1224 2142 atque
1236 2076 1574 2134 extolluntur-,aut
1585 2079 1792 2141 vituperiis
1804 2074 2190 2140 deprimuntunnon

531 2157 675 2187 tamen
688 2157 837 2187 corum
856 2146 996 2188 anima
1005 2142 1200 2208 impletur
1210 2142 1333 2190 laude
1342 2159 1414 2190 aut
1425 2143 1687 2208 despefflone
1699 2160 1712 2186 .-
1721 2138 1808 2187 laus
1822 2148 1864 2186 &
1876 2139 2085 2204 despedkio
2097 2157 2190 2206 qua:

531 2203 710 2272 implent
719 2205 943 2264 animam,a
955 2213 1120 2274 propria
1131 2208 1447 2274 vniuscuiusque
1460 2208 1706 2255 conscientia
1719 2205 1988 2272 proficiscitur
2001 2225 2012 2250 ι
2025 2210 2098 2271 qui
2112 2204 2189 2252 fibi

532 2275 690 2338 peccati
701 2270 888 2318 conscius
901 2273 958 2318 est
969 2308 982 2328 ,
995 2271 1090 2320 licet
1100 2274 1256 2340 vbique
1268 2274 1411 2321 sentiat
1423 2273 1461 2320 se
1480 2272 1668 2320 laudibus
1681 2270 1898 2327 celebrari,
1943 2274 2101 2316 uamuis
2113 2270 2189 2318 ad·

531 2341 755 2384 miratione
767 2336 864 2401 dign
870 2355 915 2384 us
939 2336 1137 2386 habeatur
1147 2376 1161 2396 ,
1171 2345 1272 2404 quia
1292 2356 1428 2387 tamen
1442 2340 1480 2385 se
1500 2337 1582 2405 ipse
1602 2335 1774 2402 negligit
1792 2354 1841 2384 ac
1861 2288 2030 2402 despicit
2047 2334 2188 2383 delicti

534 2403 735 2459 conscius,
748 2407 886 2450 anima
898 2407 981 2450 eius
993 2422 1081 2451 non
1094 2421 1258 2452 externa
1269 2403 1390 2452 laude
1401 2438 1414 2457 ,
1424 2404 1492 2451 sed
1508 2407 1682 2469 propriae
1693 2403 1949 2449 conscientiae
1960 2400 2188 2468 despefflo-

531 2486 584 2514 ne
595 2466 745 2534 repleta
757 2469 815 2514 est
825 2492 837 2524 ς
848 2472 992 2515 Omne
1001 2487 1183 2535 namque
1195 2469 1492 2535 negligendum
1504 2487 1550 2516 ac
1562 2466 1846 2534 despiciidum
1857 2468 1914 2514 est
1931 2465 1956 2512 ὲ
1966 2484 2054 2533 quo
2068 2472 2184 2515 Deus
2217 2465 2268 2510 H

531 2531 680 2600 procul
692 2534 749 2580 est
761 2570 771 2581 .
792 2533 880 2580 Sibi
891 2531 989 2580 vero
1002 2534 1145 2582 delicti,
1155 2535 1341 2583 conscius
1353 2570 1366 2588 ,
1375 2535 1493 2582 sentit
1504 2540 1646 2582 Deum
1660 2530 1840 2599 procula
1849 2533 1890 2578 se
1901 2533 1998 2590 effe,
2010 2550 2136 2598 quare
2145 2531 2187 2581 se

531 2598 869 2665 despicitJtidem
881 2597 905 2646 εὶ
916 2604 1015 2647 Deo
1028 2599 1329 2667 despicitur,cui
1339 2599 1470 2648 fastus
1483 2599 1552 2647 sua
1562 2598 1682 2665 culpa
1693 2617 1742 2647 ex
1757 2598 1847 2646 filio
1859 2597 2090 2655 inimicus,a
2100 2616 2185 2646 co:-

530 2664 696 2712 lestibus
708 2669 833 2711 etiam
859 2666 1064 2713 mentibus
1076 2685 1125 2714 ac
1146 2664 1388 2731 angelorum
1402 2665 1538 2714 choris
1556 2670 1810 2731 vituperatur
1822 2683 1832 2709 ε
1845 2662 2124 2730 quamobrem
2136 2663 2185 2712 fit

532 2727 760 2795 opprobrium
778 2729 1047 2776 abundantibus
1057 2768 1070 2788 ,
1081 2731 1292 2779 abundant
1314 2730 1374 2778 illi
1384 2749 1432 2778 ac
1452 2729 1743 2797 supereffluunt
1752 2734 1857 2776 veris
1879 2730 1998 2776 bonis
2008 2765 2022 2787 ,
2036 2729 2182 2777 diuino

530 2795 690 2843 lumine
702 2794 865 2861 perfusi,
878 2814 925 2842 ac
937 2796 1159 2844 diuinitatis
1175 2814 1394 2863 compotes
1403 2833 1414 2843 .
1424 2801 1657 2862 vituperant
1668 2793 1728 2842 illi
1738 2812 1786 2842 ac
1795 2800 1933 2861 impro
1964 2810 2078 2842 erant
2088 2811 2184 2860 pec-

533 2866 764 2913 catori‚non
779 2878 915 2908 tamen
927 2861 1153 2928 despiciunt
1163 2899 1175 2919 ‚
1189 2864 1256 2910 sed
1272 2869 1407 2928 potius
1420 2862 1718 2918 mistrentur‚ac
1730 2878 1806 2926 pro
1817 2866 1902 2907 eius
1913 2811 2038 2907 AEute
2047 2858 2185 2908 altiffi-

535 2945 654 2974 mum
668 2944 787 2975 orant
799 2965 809 2974 .
833 2933 887 2973 At
899 2925 1080 2992 superbi,
1093 2927 1189 2975 mali
1201 2934 1375 2994 inquam
1387 2965 1400 2985 ,
1412 2930 1567 2994 spiritus
1579 2945 1627 2974 ac
1647 2943 1828 2992 nequam
1849 2924 2041 2972 homines
2053 2925 2183 2992 despi-

533 2999 660 3047 ciunt,
673 2991 919 3040 conculcant
934 3002 976 3040 &
991 3010 1209 3041 conterunt
1219 3033 1230 3043 .
1244 2999 1309 3041 Sic
1320 2991 1418 3059 ergo
1432 2993 1477 3040 fit
1496 2990 1718 3057 opprobrium
1726 2989 2048 3038 abundantis-unc
2055 2990 2183 3103 βῶσ-

2135 3073 2182 3103 u.

532 3058 585 3105 bis
595 3056 789 3123 despectio.
810 3062 880 3106 Tu
892 3056 991 3108 veto
1005 3064 1119 3108 Deus
1132 3064 1400 3127 omnipotens
1411 3063 1548 3125 gratiis
1564 3056 1733 3106 affluens
1744 3074 1792 3107 ac
1802 3057 2080 3107 misericordia
2092 3122 2126 3171 st

2127 3139 2179 3170 ris
