<?xml version="1.0" encoding="UTF-8"?>
<!DOCTYPE html PUBLIC "-//W3C//DTD XHTML 1.0 Transitional//EN"
    "http://www.w3.org/TR/xhtml1/DTD/xhtml1-transitional.dtd">
<html xmlns="http://www.w3.org/1999/xhtml" xml:lang="en" lang="en">
 <head>
  <title>
</title>
<meta http-equiv="Content-Type" content="text/html;charset=utf-8" />
  <meta name='ocr-system' content='tesseract 3.04.00' />
  <meta name='ocr-capabilities' content='ocr_page ocr_carea ocr_par ocr_line ocrx_word'/>
</head>
<body>
  <div class='ocr_page' id='page_1' title='image "./opera00contgoog/opera00contgoog_0259.png"; bbox 0 0 2455 3671; ppageno 0'>
   <div class='ocr_carea' id='block_1_1' title="bbox 376 255 2024 362">
    <p class='ocr_par' dir='ltr' id='par_1_1' title="bbox 376 255 2024 362">
     <span class='ocr_line' id='line_1_1' title="bbox 376 255 2024 362; baseline -0.002 -28"><span class='ocrx_word' id='word_1_1' title='bbox 376 298 486 362; x_wconf 67' lang='lat'>214</span> <span class='ocrx_word' id='word_1_2' title='bbox 629 260 762 331; x_wconf 79' lang='lat' dir='ltr'>DE</span> <span class='ocrx_word' id='word_1_3' title='bbox 813 256 1504 330; x_wconf 83' lang='lat' dir='ltr'><strong>IMMORTAL·</strong></span> <span class='ocrx_word' id='word_1_4' title='bbox 1558 255 2024 331; x_wconf 82' lang='lat' dir='ltr'>ANIMAE</span> 
     </span>
    </p>
   </div>
   <div class='ocr_carea' id='block_1_2' title="bbox 506 353 2266 3254">
    <p class='ocr_par' dir='ltr' id='par_1_2' title="bbox 506 353 2266 3254">
     <span class='ocr_line' id='line_1_2' title="bbox 509 353 2230 434; baseline 0 -19"><span class='ocrx_word' id='word_1_5' title='bbox 509 362 660 416; x_wconf 79' lang='lat' dir='ltr'>formae</span> <span class='ocrx_word' id='word_1_6' title='bbox 670 366 841 415; x_wconf 82' lang='lat' dir='ltr'>alicuius</span> <span class='ocrx_word' id='word_1_7' title='bbox 857 399 876 422; x_wconf 85' lang='grc'>,,</span> <span class='ocrx_word' id='word_1_8' title='bbox 896 382 990 434; x_wconf 82' lang='lat' dir='ltr'>quae</span> <span class='ocrx_word' id='word_1_9' title='bbox 1009 362 1182 414; x_wconf 80' lang='lat' dir='ltr'>facultas</span> <span class='ocrx_word' id='word_1_10' title='bbox 1203 363 1264 412; x_wconf 81' lang='lat' dir='ltr'>est</span> <span class='ocrx_word' id='word_1_11' title='bbox 1284 361 1544 412; x_wconf 69' lang='lat' dir='ltr'>indivisibilis</span> <span class='ocrx_word' id='word_1_12' title='bbox 1564 379 1613 413; x_wconf 89' lang='lat' dir='ltr'>vt</span> <span class='ocrx_word' id='word_1_13' title='bbox 1639 379 1730 413; x_wconf 82' lang='lat' dir='ltr'>vox</span> <span class='ocrx_word' id='word_1_14' title='bbox 1746 362 1990 419; x_wconf 70' lang='lat' dir='ltr'>inuisibilis,</span> <span class='ocrx_word' id='word_1_15' title='bbox 2002 365 2062 414; x_wconf 85' lang='lat' dir='ltr'>est</span> <span class='ocrx_word' id='word_1_16' title='bbox 2079 368 2166 415; x_wconf 85' lang='lat' dir='ltr'>im-</span> <span class='ocrx_word' id='word_1_17' title='bbox 2192 353 2230 399; x_wconf 67' lang='lat' dir='ltr'>F·</span> 
     </span>
     <span class='ocr_line' id='line_1_3' title="bbox 509 428 2165 500; baseline -0.001 -17"><span class='ocrx_word' id='word_1_18' title='bbox 509 431 733 483; x_wconf 83' lang='lat' dir='ltr'>materialis</span> <span class='ocrx_word' id='word_1_19' title='bbox 746 453 757 480; x_wconf 73' lang='grc' dir='ltr'><strong>ι</strong></span> <span class='ocrx_word' id='word_1_20' title='bbox 769 449 843 481; x_wconf 88' lang='lat' dir='ltr'>cur</span> <span class='ocrx_word' id='word_1_21' title='bbox 865 448 968 500; x_wconf 85' lang='lat' dir='ltr'>ergo</span> <span class='ocrx_word' id='word_1_22' title='bbox 989 429 1130 482; x_wconf 83' lang='lat' dir='ltr'>forma</span> <span class='ocrx_word' id='word_1_23' title='bbox 1150 428 1446 488; x_wconf 80' lang='lat' dir='ltr'>substantialis,</span> <span class='ocrx_word' id='word_1_24' title='bbox 1458 448 1554 497; x_wconf 84' lang='lat' dir='ltr'>quae</span> <span class='ocrx_word' id='word_1_25' title='bbox 1570 448 1626 480; x_wconf 88' lang='lat' dir='ltr'>eo</span> <span class='ocrx_word' id='word_1_26' title='bbox 1645 431 1785 479; x_wconf 85' lang='lat' dir='ltr'>modo</span> <span class='ocrx_word' id='word_1_27' title='bbox 1807 431 1867 480; x_wconf 86' lang='lat' dir='ltr'>est</span> <span class='ocrx_word' id='word_1_28' title='bbox 1886 430 2165 492; x_wconf 82' lang='lat' dir='ltr'>indiuifibilis,</span> 
     </span>
     <span class='ocr_line' id='line_1_4' title="bbox 513 494 2164 566; baseline 0 -18"><span class='ocrx_word' id='word_1_29' title='bbox 513 519 600 548; x_wconf 87' lang='lat' dir='ltr'>non</span> <span class='ocrx_word' id='word_1_30' title='bbox 612 504 689 548; x_wconf 90' lang='lat' dir='ltr'>erit</span> <span class='ocrx_word' id='word_1_31' title='bbox 699 495 1110 548; x_wconf 56' lang='lat' dir='ltr'>immaterialisrcerte</span> <span class='ocrx_word' id='word_1_32' title='bbox 1122 494 1237 545; x_wconf 88' lang='lat' dir='ltr'>nulla</span> <span class='ocrx_word' id='word_1_33' title='bbox 1248 502 1356 544; x_wconf 90' lang='lat' dir='ltr'>ratio</span> <span class='ocrx_word' id='word_1_34' title='bbox 1367 496 1518 544; x_wconf 79' lang='lat' dir='ltr'>adferri</span> <span class='ocrx_word' id='word_1_35' title='bbox 1530 498 1677 565; x_wconf 72' lang='lat' dir='ltr'>potest</span> <span class='ocrx_word' id='word_1_36' title='bbox 1683 496 1878 566; x_wconf 74' lang='lat' dir='ltr'>Amplius</span> <span class='ocrx_word' id='word_1_37' title='bbox 1890 502 1999 547; x_wconf 89' lang='lat' dir='ltr'>circa</span> <span class='ocrx_word' id='word_1_38' title='bbox 2009 499 2164 566; x_wconf 79' lang='lat' dir='ltr'>gradus</span> 
     </span>
     <span class='ocr_line' id='line_1_5' title="bbox 506 561 2168 635; baseline -0.001 -20"><span class='ocrx_word' id='word_1_39' title='bbox 506 565 607 615; x_wconf 85' lang='lat' dir='ltr'>illos</span> <span class='ocrx_word' id='word_1_40' title='bbox 619 562 854 614; x_wconf 85' lang='lat' dir='ltr'>formarum</span> <span class='ocrx_word' id='word_1_41' title='bbox 865 564 1084 621; x_wconf 66' lang='lat' dir='ltr'>adductos,</span> <span class='ocrx_word' id='word_1_42' title='bbox 1099 563 1404 611; x_wconf 85' lang='lat' dir='ltr'>demonstratio</span> <span class='ocrx_word' id='word_1_43' title='bbox 1416 566 1560 611; x_wconf 71' lang='lat' dir='ltr'>ostani</span> <span class='ocrx_word' id='word_1_44' title='bbox 1608 561 1852 626; x_wconf 85' lang='lat' dir='ltr'>hyficorum</span> <span class='ocrx_word' id='word_1_45' title='bbox 1874 582 1946 633; x_wconf 87' lang='lat' dir='ltr'>per</span> <span class='ocrx_word' id='word_1_46' title='bbox 1956 563 1995 613; x_wconf 88' lang='lat' dir='ltr'>se</span> <span class='ocrx_word' id='word_1_47' title='bbox 2004 567 2168 635; x_wconf 78' lang='lat' dir='ltr'>firmpta</span> 
     </span>
     <span class='ocr_line' id='line_1_6' title="bbox 511 581 2166 700; baseline 0 -19"><span class='ocrx_word' id='word_1_48' title='bbox 511 639 589 681; x_wconf 88' lang='lat' dir='ltr'>erit</span> <span class='ocrx_word' id='word_1_49' title='bbox 601 630 848 680; x_wconf 84' lang='lat' dir='ltr'>insufficiens</span> <span class='ocrx_word' id='word_1_50' title='bbox 859 631 911 679; x_wconf 83' lang='lat' dir='ltr'>ad</span> <span class='ocrx_word' id='word_1_51' title='bbox 923 630 1191 698; x_wconf 85' lang='lat' dir='ltr'>probandum</span> <span class='ocrx_word' id='word_1_52' title='bbox 1204 627 1496 677; x_wconf 63' lang='lat' dir='ltr'>abstracta-effe</span> <span class='ocrx_word' id='word_1_53' title='bbox 1504 663 1520 682; x_wconf 87' lang='lat'>,</span> <span class='ocrx_word' id='word_1_54' title='bbox 1531 581 1606 677; x_wconf 62' lang='lat' dir='ltr'>nili</span> <span class='ocrx_word' id='word_1_55' title='bbox 1620 627 1815 679; x_wconf 75' lang='lat' dir='ltr'>fulciatur</span> <span class='ocrx_word' id='word_1_56' title='bbox 1826 649 1898 698; x_wconf 86' lang='lat' dir='ltr'>per</span> <span class='ocrx_word' id='word_1_57' title='bbox 1916 630 2038 680; x_wconf 60' lang='lat' dir='ltr'>&#39;locos</span> <span class='ocrx_word' id='word_1_58' title='bbox 2051 637 2166 700; x_wconf 87' lang='lat' dir='ltr'>topi-</span> 
     </span>
     <span class='ocr_line' id='line_1_7' title="bbox 512 694 2166 763; baseline 0.001 -16"><span class='ocrx_word' id='word_1_59' title='bbox 512 717 588 747; x_wconf 82' lang='lat' dir='ltr'>cos</span> <span class='ocrx_word' id='word_1_60' title='bbox 600 696 624 746; x_wconf 70' lang='lat' dir='ltr'>a</span> <span class='ocrx_word' id='word_1_61' title='bbox 635 702 850 752; x_wconf 85' lang='lat' dir='ltr'>minori,vt</span> <span class='ocrx_word' id='word_1_62' title='bbox 860 714 951 744; x_wconf 86' lang='lat' dir='ltr'>earn</span> <span class='ocrx_word' id='word_1_63' title='bbox 967 694 1081 744; x_wconf 85' lang='lat' dir='ltr'>fulfir</span> <span class='ocrx_word' id='word_1_64' title='bbox 1091 694 1332 751; x_wconf 76' lang='lat' dir='ltr'>excellentia</span> <span class='ocrx_word' id='word_1_65' title='bbox 1342 700 1507 763; x_wconf 82' lang='lat' dir='ltr'>tua,qui</span> <span class='ocrx_word' id='word_1_66' title='bbox 1519 700 1648 744; x_wconf 82' lang='lat' dir='ltr'>etiam</span> <span class='ocrx_word' id='word_1_67' title='bbox 1656 696 1750 744; x_wconf 86' lang='lat' dir='ltr'>sunt</span> <span class='ocrx_word' id='word_1_68' title='bbox 1758 694 2166 748; x_wconf 74' lang='lat' dir='ltr'>insufficientesmrn</span> 
     </span>
     <span class='ocr_line' id='line_1_8' title="bbox 513 759 2168 832; baseline 0 -19"><span class='ocrx_word' id='word_1_69' title='bbox 513 771 607 832; x_wconf 84' lang='lat' dir='ltr'>quis</span> <span class='ocrx_word' id='word_1_70' title='bbox 619 765 691 812; x_wconf 90' lang='lat' dir='ltr'>scit</span> <span class='ocrx_word' id='word_1_71' title='bbox 702 782 755 812; x_wconf 88' lang='lat' dir='ltr'>an</span> <span class='ocrx_word' id='word_1_72' title='bbox 764 762 904 830; x_wconf 86' lang='lat' dir='ltr'>aliqua</span> <span class='ocrx_word' id='word_1_73' title='bbox 915 766 1103 830; x_wconf 84' lang='lat' dir='ltr'>potentia</span> <span class='ocrx_word' id='word_1_74' title='bbox 1114 759 1191 810; x_wconf 85' lang='lat' dir='ltr'>alia</span> <span class='ocrx_word' id='word_1_75' title='bbox 1203 762 1326 809; x_wconf 79' lang='lat' dir='ltr'>nobis</span> <span class='ocrx_word' id='word_1_76' title='bbox 1336 778 1430 809; x_wconf 88' lang='lat' dir='ltr'>non</span> <span class='ocrx_word' id='word_1_77' title='bbox 1442 778 1542 810; x_wconf 87' lang='lat' dir='ltr'>nota</span> <span class='ocrx_word' id='word_1_78' title='bbox 1550 760 1878 829; x_wconf 86' lang='lat' dir='ltr'>fitintelligentia</span> <span class='ocrx_word' id='word_1_79' title='bbox 1887 781 2067 812; x_wconf 77' lang='lat' dir='ltr'>mouens</span> <span class='ocrx_word' id='word_1_80' title='bbox 2079 783 2168 813; x_wconf 85' lang='lat' dir='ltr'>coe-</span> 
     </span>
     <span class='ocr_line' id='line_1_9' title="bbox 510 826 2170 894; baseline -0.001 -15"><span class='ocrx_word' id='word_1_81' title='bbox 510 830 605 880; x_wconf 89' lang='lat' dir='ltr'>lum</span> <span class='ocrx_word' id='word_1_82' title='bbox 627 829 747 878; x_wconf 81' lang='lat' dir='ltr'>affixa</span> <span class='ocrx_word' id='word_1_83' title='bbox 769 833 949 877; x_wconf 83' lang='lat' dir='ltr'>materiae</span> <span class='ocrx_word' id='word_1_84' title='bbox 961 840 975 876; x_wconf 68' lang='grc' dir='ltr'><strong><em>ἓ</em></strong></span> <span class='ocrx_word' id='word_1_85' title='bbox 988 845 1125 894; x_wconf 86' lang='lat' dir='ltr'>quum</span> <span class='ocrx_word' id='word_1_86' title='bbox 1145 826 1286 876; x_wconf 77' lang='lat' dir='ltr'>adhuc</span> <span class='ocrx_word' id='word_1_87' title='bbox 1297 827 1440 876; x_wconf 79' lang='lat' dir='ltr'>sumus</span> <span class='ocrx_word' id='word_1_88' title='bbox 1453 828 1570 892; x_wconf 88' lang='lat' dir='ltr'>dubij</span> <span class='ocrx_word' id='word_1_89' title='bbox 1584 846 1636 876; x_wconf 87' lang='lat' dir='ltr'>an</span> <span class='ocrx_word' id='word_1_90' title='bbox 1646 828 1878 877; x_wconf 85' lang='lat' dir='ltr'>secundum</span> <span class='ocrx_word' id='word_1_91' title='bbox 1889 831 2100 878; x_wconf 85' lang='lat' dir='ltr'>effentiarn</span> <span class='ocrx_word' id='word_1_92' title='bbox 2111 836 2170 878; x_wconf 87' lang='lat' dir='ltr'>in-</span> 
     </span>
     <span class='ocr_line' id='line_1_10' title="bbox 511 891 2170 963; baseline -0.001 -18"><span class='ocrx_word' id='word_1_93' title='bbox 511 895 741 963; x_wconf 89' lang='lat' dir='ltr'>telligentia</span> <span class='ocrx_word' id='word_1_94' title='bbox 752 894 802 944; x_wconf 84' lang='lat' dir='ltr'>fit</span> <span class='ocrx_word' id='word_1_95' title='bbox 812 896 1024 943; x_wconf 66' lang='lat' dir='ltr'>abstraCka.</span> <span class='ocrx_word' id='word_1_96' title='bbox 1043 894 1344 957; x_wconf 79' lang='lat' dir='ltr'>Qmobrem</span> <span class='ocrx_word' id='word_1_97' title='bbox 1358 891 1548 942; x_wconf 85' lang='lat' dir='ltr'>certiffim</span> <span class='ocrx_word' id='word_1_98' title='bbox 1554 913 1627 943; x_wconf 89' lang='lat' dir='ltr'>um</span> <span class='ocrx_word' id='word_1_99' title='bbox 1638 895 1697 943; x_wconf 90' lang='lat' dir='ltr'>est</span> <span class='ocrx_word' id='word_1_100' title='bbox 1710 895 1822 963; x_wconf 88' lang='lat' dir='ltr'>apud</span> <span class='ocrx_word' id='word_1_101' title='bbox 1830 914 1900 944; x_wconf 87' lang='lat' dir='ltr'>me</span> <span class='ocrx_word' id='word_1_102' title='bbox 1912 894 2069 944; x_wconf 84' lang='lat' dir='ltr'>nullam</span> <span class='ocrx_word' id='word_1_103' title='bbox 2080 895 2170 945; x_wconf 87' lang='lat' dir='ltr'>for-</span> 
     </span>
     <span class='ocr_line' id='line_1_11' title="bbox 511 957 2171 1030; baseline -0.001 -19"><span class='ocrx_word' id='word_1_104' title='bbox 511 981 628 1011; x_wconf 90' lang='lat' dir='ltr'>mam</span> <span class='ocrx_word' id='word_1_105' title='bbox 642 960 895 1010; x_wconf 80' lang='lat' dir='ltr'>materialem</span> <span class='ocrx_word' id='word_1_106' title='bbox 909 960 1024 1028; x_wconf 83' lang='lat' dir='ltr'>poffe</span> <span class='ocrx_word' id='word_1_107' title='bbox 1034 961 1113 1008; x_wconf 82' lang='lat' dir='ltr'>effe</span> <span class='ocrx_word' id='word_1_108' title='bbox 1128 957 1426 1008; x_wconf 83' lang='lat' dir='ltr'>indiuifibilcm</span> <span class='ocrx_word' id='word_1_109' title='bbox 1434 975 1480 1008; x_wconf 79' lang='lat' dir='ltr'>vt</span> <span class='ocrx_word' id='word_1_110' title='bbox 1488 961 1642 1009; x_wconf 81' lang='lat' dir='ltr'>voxest</span> <span class='ocrx_word' id='word_1_111' title='bbox 1652 960 1868 1010; x_wconf 80' lang='lat' dir='ltr'>inuisibilis</span> <span class='ocrx_word' id='word_1_112' title='bbox 1880 999 1891 1010; x_wconf 88' lang='lat'><em>.</em></span> <span class='ocrx_word' id='word_1_113' title='bbox 1908 966 2012 1010; x_wconf 74' lang='lat' dir='ltr'>Haec</span> <span class='ocrx_word' id='word_1_114' title='bbox 2024 963 2078 1010; x_wconf 91' lang='lat' dir='ltr'>de</span> <span class='ocrx_word' id='word_1_115' title='bbox 2088 968 2171 1030; x_wconf 85' lang='lat' dir='ltr'>pri-</span> 
     </span>
     <span class='ocr_line' id='line_1_12' title="bbox 509 1024 2227 1096; baseline 0.001 -18"><span class='ocrx_word' id='word_1_116' title='bbox 509 1047 592 1078; x_wconf 86' lang='lat' dir='ltr'>mo</span> <span class='ocrx_word' id='word_1_117' title='bbox 604 1027 819 1096; x_wconf 75' lang='lat' dir='ltr'>supposito</span> <span class='ocrx_word' id='word_1_118' title='bbox 833 1065 843 1076; x_wconf 92' lang='lat'>.</span> <span class='ocrx_word' id='word_1_119' title='bbox 857 1026 1139 1075; x_wconf 85' lang='lat' dir='ltr'>Postmodum</span> <span class='ocrx_word' id='word_1_120' title='bbox 1161 1030 1300 1093; x_wconf 83' lang='lat' dir='ltr'>inquit</span> <span class='ocrx_word' id='word_1_121' title='bbox 1322 1024 1563 1075; x_wconf 83' lang='lat' dir='ltr'>excellentia</span> <span class='ocrx_word' id='word_1_122' title='bbox 1574 1043 1646 1076; x_wconf 88' lang='lat' dir='ltr'>tua</span> <span class='ocrx_word' id='word_1_123' title='bbox 1656 1045 1736 1076; x_wconf 86' lang='lat' dir='ltr'>nos</span> <span class='ocrx_word' id='word_1_124' title='bbox 1748 1027 2000 1096; x_wconf 80' lang='lat' dir='ltr'>supposuiffe</span> <span class='ocrx_word' id='word_1_125' title='bbox 2018 1027 2170 1078; x_wconf 82' lang='lat' dir='ltr'>intelli-</span> <span class='ocrx_word' id='word_1_126' title='bbox 2194 1037 2227 1080; x_wconf 82' lang='lat' dir='ltr'>F</span> 
     </span>
     <span class='ocr_line' id='line_1_13' title="bbox 512 1091 2169 1162; baseline 0.001 -20"><span class='ocrx_word' id='word_1_127' title='bbox 512 1098 701 1161; x_wconf 83' lang='lat' dir='ltr'>gentiam</span> <span class='ocrx_word' id='word_1_128' title='bbox 712 1093 790 1141; x_wconf 82' lang='lat' dir='ltr'>effe</span> <span class='ocrx_word' id='word_1_129' title='bbox 800 1093 987 1141; x_wconf 78' lang='lat' dir='ltr'>formam</span> <span class='ocrx_word' id='word_1_130' title='bbox 999 1099 1185 1160; x_wconf 85' lang='lat' dir='ltr'>corporis</span> <span class='ocrx_word' id='word_1_131' title='bbox 1208 1091 1384 1140; x_wconf 84' lang='lat' dir='ltr'>coelestis</span> <span class='ocrx_word' id='word_1_132' title='bbox 1395 1128 1408 1150; x_wconf 92' lang='lat'>‚</span> <span class='ocrx_word' id='word_1_133' title='bbox 1420 1093 1536 1156; x_wconf 87' lang='lat' dir='ltr'>quod</span> <span class='ocrx_word' id='word_1_134' title='bbox 1548 1091 1695 1141; x_wconf 85' lang='lat' dir='ltr'>falsum</span> <span class='ocrx_word' id='word_1_135' title='bbox 1710 1094 1790 1152; x_wconf 81' lang='lat' dir='ltr'>est,</span> <span class='ocrx_word' id='word_1_136' title='bbox 1803 1097 1944 1160; x_wconf 85' lang='lat' dir='ltr'>ptimo</span> <span class='ocrx_word' id='word_1_137' title='bbox 1956 1100 2054 1162; x_wconf 82' lang='lat' dir='ltr'>quia</span> <span class='ocrx_word' id='word_1_138' title='bbox 2068 1111 2169 1143; x_wconf 89' lang='lat' dir='ltr'>tunc</span> 
     </span>
     <span class='ocr_line' id='line_1_14' title="bbox 515 1158 2170 1229; baseline 0 -20"><span class='ocrx_word' id='word_1_139' title='bbox 515 1160 674 1209; x_wconf 84' lang='lat' dir='ltr'>coelum</span> <span class='ocrx_word' id='word_1_140' title='bbox 696 1160 847 1208; x_wconf 83' lang='lat' dir='ltr'>effetin</span> <span class='ocrx_word' id='word_1_141' title='bbox 861 1177 963 1226; x_wconf 85' lang='lat' dir='ltr'>pura</span> <span class='ocrx_word' id='word_1_142' title='bbox 1012 1163 1393 1226; x_wconf 85' lang='lat' dir='ltr'>otentia:quorum</span> <span class='ocrx_word' id='word_1_143' title='bbox 1414 1158 1646 1207; x_wconf 65' lang='lat' dir='ltr'>subiectum</span> <span class='ocrx_word' id='word_1_144' title='bbox 1670 1175 1812 1208; x_wconf 85' lang='lat' dir='ltr'>motus</span> <span class='ocrx_word' id='word_1_145' title='bbox 1824 1160 1903 1209; x_wconf 80' lang='lat' dir='ltr'>effe</span> <span class='ocrx_word' id='word_1_146' title='bbox 1913 1179 2002 1208; x_wconf 89' lang='lat' dir='ltr'>non</span> <span class='ocrx_word' id='word_1_147' title='bbox 2024 1162 2170 1229; x_wconf 78' lang='lat' dir='ltr'>poss&#39;et,</span> 
     </span>
     <span class='ocr_line' id='line_1_15' title="bbox 514 1177 2169 1294; baseline 0 -19"><span class='ocrx_word' id='word_1_148' title='bbox 514 1245 615 1275; x_wconf 91' lang='lat' dir='ltr'>cum</span> <span class='ocrx_word' id='word_1_149' title='bbox 627 1245 677 1274; x_wconf 85' lang='lat' dir='ltr'>ex</span> <span class='ocrx_word' id='word_1_150' title='bbox 720 1232 843 1274; x_wconf 87' lang='lat' dir='ltr'>uinto</span> <span class='ocrx_word' id='word_1_151' title='bbox 867 1177 1143 1290; x_wconf 55' lang='lat' dir='ltr'>Phyfillorum</span> <span class='ocrx_word' id='word_1_152' title='bbox 1165 1229 1380 1290; x_wconf 85' lang='lat' dir='ltr'>generatio</span> <span class='ocrx_word' id='word_1_153' title='bbox 1400 1224 1501 1272; x_wconf 86' lang='lat' dir='ltr'>ideo</span> <span class='ocrx_word' id='word_1_154' title='bbox 1522 1243 1610 1273; x_wconf 87' lang='lat' dir='ltr'>non</span> <span class='ocrx_word' id='word_1_155' title='bbox 1630 1223 1973 1294; x_wconf 80' lang='lat' dir='ltr'>firmetus,quia</span> <span class='ocrx_word' id='word_1_156' title='bbox 1986 1232 2169 1286; x_wconf 84' lang='lat' dir='ltr'>materia,</span> 
     </span>
     <span class='ocr_line' id='line_1_16' title="bbox 513 1291 2172 1361; baseline 0.001 -21"><span class='ocrx_word' id='word_1_157' title='bbox 513 1307 610 1360; x_wconf 82' lang='lat' dir='ltr'>quae</span> <span class='ocrx_word' id='word_1_158' title='bbox 621 1293 678 1340; x_wconf 87' lang='lat' dir='ltr'>est</span> <span class='ocrx_word' id='word_1_159' title='bbox 706 1292 919 1340; x_wconf 67' lang='lat' dir='ltr'>abiectum</span> <span class='ocrx_word' id='word_1_160' title='bbox 933 1291 1284 1357; x_wconf 82' lang='lat' dir='ltr'>generationis,cst</span> <span class='ocrx_word' id='word_1_161' title='bbox 1294 1295 1338 1338; x_wconf 88' lang='lat' dir='ltr'>in</span> <span class='ocrx_word' id='word_1_162' title='bbox 1350 1308 1451 1358; x_wconf 85' lang='lat' dir='ltr'>pura</span> <span class='ocrx_word' id='word_1_163' title='bbox 1460 1292 1784 1358; x_wconf 65' lang='lat' dir='ltr'>potetia.Postea</span> <span class='ocrx_word' id='word_1_164' title='bbox 1798 1294 2036 1360; x_wconf 80' lang='lat' dir='ltr'>sequeretur</span> <span class='ocrx_word' id='word_1_165' title='bbox 2046 1294 2172 1361; x_wconf 81' lang='lat' dir='ltr'>quod</span> 
     </span>
     <span class='ocr_line' id='line_1_17' title="bbox 512 1354 2172 1425; baseline 0.001 -18"><span class='ocrx_word' id='word_1_166' title='bbox 512 1358 785 1425; x_wconf 82' lang='lat' dir='ltr'>intelligentia</span> <span class='ocrx_word' id='word_1_167' title='bbox 801 1359 896 1406; x_wconf 83' lang='lat' dir='ltr'>effer</span> <span class='ocrx_word' id='word_1_168' title='bbox 909 1375 998 1425; x_wconf 82' lang='lat' dir='ltr'>pars</span> <span class='ocrx_word' id='word_1_169' title='bbox 1014 1355 1226 1404; x_wconf 85' lang='lat' dir='ltr'>effentialis</span> <span class='ocrx_word' id='word_1_170' title='bbox 1238 1354 1398 1405; x_wconf 72' lang='lat' dir='ltr'>coelit&amp;</span> <span class='ocrx_word' id='word_1_171' title='bbox 1410 1361 1466 1404; x_wconf 88' lang='lat' dir='ltr'>ita</span> <span class='ocrx_word' id='word_1_172' title='bbox 1488 1355 1732 1406; x_wconf 85' lang='lat' dir='ltr'>diffiniretur</span> <span class='ocrx_word' id='word_1_173' title='bbox 1744 1376 1816 1425; x_wconf 87' lang='lat' dir='ltr'>per</span> <span class='ocrx_word' id='word_1_174' title='bbox 1826 1360 1999 1408; x_wconf 83' lang='lat' dir='ltr'>orbem.</span> <span class='ocrx_word' id='word_1_175' title='bbox 2024 1361 2172 1408; x_wconf 85' lang='lat' dir='ltr'>Postea</span> 
     </span>
     <span class='ocr_line' id='line_1_18' title="bbox 513 1421 2168 1492; baseline -0.001 -19"><span class='ocrx_word' id='word_1_176' title='bbox 513 1422 750 1474; x_wconf 63' lang='lat' dir='ltr'>intellectus</span> <span class='ocrx_word' id='word_1_177' title='bbox 764 1421 847 1491; x_wconf 71' lang='lat' dir='ltr'>qua</span> <span class='ocrx_word' id='word_1_178' title='bbox 857 1422 1195 1480; x_wconf 60' lang='lat' dir='ltr'>intellectusmon</span> <span class='ocrx_word' id='word_1_179' title='bbox 1207 1423 1266 1470; x_wconf 83' lang='lat' dir='ltr'>est</span> <span class='ocrx_word' id='word_1_180' title='bbox 1275 1426 1392 1471; x_wconf 61' lang='lat' dir='ltr'>aetus</span> <span class='ocrx_word' id='word_1_181' title='bbox 1403 1421 1576 1470; x_wconf 84' lang='lat' dir='ltr'>alicuius</span> <span class='ocrx_word' id='word_1_182' title='bbox 1588 1423 2062 1492; x_wconf 72' lang='lat' dir='ltr'>corpori53intelligentia</span> <span class='ocrx_word' id='word_1_183' title='bbox 2068 1423 2168 1472; x_wconf 64' lang='lat' dir='ltr'>vero</span> 
     </span>
     <span class='ocr_line' id='line_1_19' title="bbox 514 1486 2170 1559; baseline 0 -20"><span class='ocrx_word' id='word_1_184' title='bbox 514 1509 605 1539; x_wconf 87' lang='lat' dir='ltr'>non</span> <span class='ocrx_word' id='word_1_185' title='bbox 617 1489 743 1538; x_wconf 87' lang='lat' dir='ltr'>habet</span> <span class='ocrx_word' id='word_1_186' title='bbox 754 1491 807 1538; x_wconf 90' lang='lat' dir='ltr'>de</span> <span class='ocrx_word' id='word_1_187' title='bbox 817 1490 973 1536; x_wconf 73' lang='lat' dir='ltr'>viribus</span> <span class='ocrx_word' id='word_1_188' title='bbox 985 1489 1219 1543; x_wconf 79' lang='lat' dir='ltr'>animae‚nifi</span> <span class='ocrx_word' id='word_1_189' title='bbox 1234 1494 1322 1538; x_wconf 75' lang='lat' dir='ltr'>vim</span> <span class='ocrx_word' id='word_1_190' title='bbox 1334 1486 1634 1537; x_wconf 69' lang='lat' dir='ltr'>intellestiuam</span> <span class='ocrx_word' id='word_1_191' title='bbox 1650 1498 1693 1537; x_wconf 87' lang='lat'>&amp;</span> <span class='ocrx_word' id='word_1_192' title='bbox 1705 1497 1940 1558; x_wconf 88' lang='lat' dir='ltr'>appetitum</span> <span class='ocrx_word' id='word_1_193' title='bbox 1952 1490 2170 1559; x_wconf 87' lang='lat' dir='ltr'>insequen-</span> 
     </span>
     <span class='ocr_line' id='line_1_20' title="bbox 514 1554 2169 1624; baseline 0 -19"><span class='ocrx_word' id='word_1_194' title='bbox 514 1574 603 1605; x_wconf 87' lang='lat' dir='ltr'>tem</span> <span class='ocrx_word' id='word_1_195' title='bbox 615 1555 1029 1621; x_wconf 59' lang='lat' dir='ltr'>intelletstumpostea</span> <span class='ocrx_word' id='word_1_196' title='bbox 1051 1570 1221 1602; x_wconf 88' lang='lat' dir='ltr'>motum</span> <span class='ocrx_word' id='word_1_197' title='bbox 1232 1574 1280 1602; x_wconf 84' lang='lat' dir='ltr'>ex</span> <span class='ocrx_word' id='word_1_198' title='bbox 1294 1555 1332 1601; x_wconf 89' lang='lat' dir='ltr'>se</span> <span class='ocrx_word' id='word_1_199' title='bbox 1344 1554 1544 1603; x_wconf 85' lang='lat' dir='ltr'>diuiditur</span> <span class='ocrx_word' id='word_1_200' title='bbox 1556 1559 1596 1602; x_wconf 92' lang='lat' dir='ltr'>in</span> <span class='ocrx_word' id='word_1_201' title='bbox 1608 1571 1768 1624; x_wconf 85' lang='lat' dir='ltr'>partem</span> <span class='ocrx_word' id='word_1_202' title='bbox 1780 1574 1854 1623; x_wconf 84' lang='lat' dir='ltr'>per</span> <span class='ocrx_word' id='word_1_203' title='bbox 1868 1557 1908 1604; x_wconf 92' lang='lat' dir='ltr'>se</span> <span class='ocrx_word' id='word_1_204' title='bbox 1920 1574 2169 1606; x_wconf 86' lang='lat' dir='ltr'>mouentem</span> 
     </span>
     <span class='ocr_line' id='line_1_21' title="bbox 517 1619 2166 1690; baseline 0 -20"><span class='ocrx_word' id='word_1_205' title='bbox 517 1626 561 1671; x_wconf 64' lang='grc' dir='ltr'>δὲ</span> <span class='ocrx_word' id='word_1_206' title='bbox 584 1639 741 1690; x_wconf 88' lang='lat' dir='ltr'>partem</span> <span class='ocrx_word' id='word_1_207' title='bbox 755 1639 825 1689; x_wconf 86' lang='lat' dir='ltr'>per</span> <span class='ocrx_word' id='word_1_208' title='bbox 835 1623 875 1668; x_wconf 89' lang='lat' dir='ltr'>se</span> <span class='ocrx_word' id='word_1_209' title='bbox 887 1619 1222 1679; x_wconf 84' lang='lat' dir='ltr'>motam-,ccelum</span> <span class='ocrx_word' id='word_1_210' title='bbox 1236 1621 1292 1668; x_wconf 84' lang='lat' dir='ltr'>est</span> <span class='ocrx_word' id='word_1_211' title='bbox 1306 1636 1476 1668; x_wconf 85' lang='lat' dir='ltr'>motum</span> <span class='ocrx_word' id='word_1_212' title='bbox 1490 1640 1538 1668; x_wconf 86' lang='lat' dir='ltr'>ex</span> <span class='ocrx_word' id='word_1_213' title='bbox 1550 1622 1708 1688; x_wconf 85' lang='lat' dir='ltr'>se:ergo</span> <span class='ocrx_word' id='word_1_214' title='bbox 1720 1639 1810 1689; x_wconf 88' lang='lat' dir='ltr'>pars</span> <span class='ocrx_word' id='word_1_215' title='bbox 1831 1640 1948 1671; x_wconf 88' lang='lat' dir='ltr'>mota</span> <span class='ocrx_word' id='word_1_216' title='bbox 1961 1641 2034 1690; x_wconf 87' lang='lat' dir='ltr'>per</span> <span class='ocrx_word' id='word_1_217' title='bbox 2044 1625 2082 1671; x_wconf 79' lang='lat' dir='ltr'>fe</span> <span class='ocrx_word' id='word_1_218' title='bbox 2094 1626 2166 1671; x_wconf 80' lang='lat' dir='ltr'>est:</span> 
     </span>
     <span class='ocr_line' id='line_1_22' title="bbox 515 1686 2166 1756; baseline 0.001 -20"><span class='ocrx_word' id='word_1_219' title='bbox 515 1706 647 1756; x_wconf 83' lang='lat' dir='ltr'>quare</span> <span class='ocrx_word' id='word_1_220' title='bbox 668 1707 757 1735; x_wconf 86' lang='lat' dir='ltr'>non</span> <span class='ocrx_word' id='word_1_221' title='bbox 775 1688 911 1754; x_wconf 88' lang='lat' dir='ltr'>potest</span> <span class='ocrx_word' id='word_1_222' title='bbox 927 1686 1079 1734; x_wconf 86' lang='lat' dir='ltr'>habere</span> <span class='ocrx_word' id='word_1_223' title='bbox 1101 1687 1179 1733; x_wconf 85' lang='lat' dir='ltr'>effe</span> <span class='ocrx_word' id='word_1_224' title='bbox 1197 1686 1221 1733; x_wconf 68' lang='lat' dir='ltr'>a</span> <span class='ocrx_word' id='word_1_225' title='bbox 1242 1702 1444 1734; x_wconf 84' lang='lat' dir='ltr'>mouente</span> <span class='ocrx_word' id='word_1_226' title='bbox 1460 1702 1575 1752; x_wconf 84' lang='lat' dir='ltr'>parte</span> <span class='ocrx_word' id='word_1_227' title='bbox 1594 1687 1830 1755; x_wconf 54' lang='lat' dir='ltr'>tanquam}</span> <span class='ocrx_word' id='word_1_228' title='bbox 1850 1687 2022 1737; x_wconf 84' lang='lat' dir='ltr'>formali</span> <span class='ocrx_word' id='word_1_229' title='bbox 2034 1689 2166 1737; x_wconf 88' lang='lat' dir='ltr'>causa.</span> 
     </span>
     <span class='ocr_line' id='line_1_23' title="bbox 515 1751 2233 1821; baseline 0 -18"><span class='ocrx_word' id='word_1_230' title='bbox 515 1754 695 1821; x_wconf 84' lang='lat' dir='ltr'>amplius</span> <span class='ocrx_word' id='word_1_231' title='bbox 707 1754 847 1801; x_wconf 86' lang='lat' dir='ltr'>forma</span> <span class='ocrx_word' id='word_1_232' title='bbox 863 1762 903 1800; x_wconf 85' lang='lat'>&amp;</span> <span class='ocrx_word' id='word_1_233' title='bbox 919 1757 1089 1800; x_wconf 81' lang='lat' dir='ltr'>materia</span> <span class='ocrx_word' id='word_1_234' title='bbox 1101 1771 1150 1799; x_wconf 88' lang='lat' dir='ltr'>ex</span> <span class='ocrx_word' id='word_1_235' title='bbox 1161 1753 1317 1799; x_wconf 77' lang='lat' dir='ltr'>secfido</span> <span class='ocrx_word' id='word_1_236' title='bbox 1330 1751 1605 1816; x_wconf 83' lang='lat' dir='ltr'>Phyficorurn</span> <span class='ocrx_word' id='word_1_237' title='bbox 1616 1790 1630 1811; x_wconf 90' lang='lat'>,</span> <span class='ocrx_word' id='word_1_238' title='bbox 1642 1757 1733 1801; x_wconf 78' lang='lat' dir='ltr'>{unt</span> <span class='ocrx_word' id='word_1_239' title='bbox 1745 1752 1820 1801; x_wconf 79' lang='lat' dir='ltr'>fibi</span> <span class='ocrx_word' id='word_1_240' title='bbox 1830 1759 2012 1802; x_wconf 88' lang='lat' dir='ltr'>inuicem</span> <span class='ocrx_word' id='word_1_241' title='bbox 2026 1757 2166 1803; x_wconf 79' lang='lat' dir='ltr'>caulae:</span> <span class='ocrx_word' id='word_1_242' title='bbox 2190 1764 2233 1808; x_wconf 88' lang='lat' dir='ltr'>G</span> 
     </span>
     <span class='ocr_line' id='line_1_24' title="bbox 515 1817 2166 1888; baseline 0 -19"><span class='ocrx_word' id='word_1_243' title='bbox 515 1826 559 1869; x_wconf 86' lang='lat' dir='ltr'>Si</span> <span class='ocrx_word' id='word_1_244' title='bbox 570 1838 671 1886; x_wconf 88' lang='lat' dir='ltr'>ergo</span> <span class='ocrx_word' id='word_1_245' title='bbox 684 1818 952 1886; x_wconf 77' lang='lat' dir='ltr'>intelligentia</span> <span class='ocrx_word' id='word_1_246' title='bbox 964 1819 1021 1866; x_wconf 89' lang='lat' dir='ltr'>est</span> <span class='ocrx_word' id='word_1_247' title='bbox 1035 1817 1173 1866; x_wconf 86' lang='lat' dir='ltr'>forma</span> <span class='ocrx_word' id='word_1_248' title='bbox 1185 1817 1266 1865; x_wconf 85' lang='lat' dir='ltr'>ecel</span> <span class='ocrx_word' id='word_1_249' title='bbox 1272 1818 1325 1875; x_wconf 82' lang='lat' dir='ltr'>i·‚d</span> <span class='ocrx_word' id='word_1_250' title='bbox 1330 1818 1548 1886; x_wconf 86' lang='lat' dir='ltr'>ependeret</span> <span class='ocrx_word' id='word_1_251' title='bbox 1560 1819 1585 1866; x_wconf 74' lang='lat' dir='ltr'>a</span> <span class='ocrx_word' id='word_1_252' title='bbox 1605 1825 1774 1867; x_wconf 84' lang='lat' dir='ltr'>materia</span> <span class='ocrx_word' id='word_1_253' title='bbox 1785 1836 1987 1888; x_wconf 80' lang='lat' dir='ltr'>tanquam</span> <span class='ocrx_word' id='word_1_254' title='bbox 1998 1819 2023 1868; x_wconf 70' lang='grc' dir='ltr'>εἰ</span> <span class='ocrx_word' id='word_1_255' title='bbox 2034 1824 2166 1869; x_wconf 81' lang='lat' dir='ltr'>causa.</span> 
     </span>
     <span class='ocr_line' id='line_1_25' title="bbox 517 1882 2168 1952; baseline 0 -17"><span class='ocrx_word' id='word_1_256' title='bbox 517 1893 621 1935; x_wconf 88' lang='lat' dir='ltr'>Sunt</span> <span class='ocrx_word' id='word_1_257' title='bbox 635 1887 785 1934; x_wconf 87' lang='lat' dir='ltr'>deinde</span> <span class='ocrx_word' id='word_1_258' title='bbox 809 1886 947 1951; x_wconf 82' lang='lat' dir='ltr'>plures</span> <span class='ocrx_word' id='word_1_259' title='bbox 961 1883 1046 1932; x_wconf 89' lang='lat' dir='ltr'>loci</span> <span class='ocrx_word' id='word_1_260' title='bbox 1061 1884 1354 1932; x_wconf 80' lang='lat' dir='ltr'>Auerroishoc</span> <span class='ocrx_word' id='word_1_261' title='bbox 1368 1886 1566 1942; x_wconf 84' lang='lat' dir='ltr'>dicentis,</span> <span class='ocrx_word' id='word_1_262' title='bbox 1581 1882 1701 1952; x_wconf 68' lang='lat' dir='ltr'>quod</span> <span class='ocrx_word' id='word_1_263' title='bbox 1723 1885 1882 1934; x_wconf 86' lang='lat' dir='ltr'>coelum</span> <span class='ocrx_word' id='word_1_264' title='bbox 1906 1889 1965 1934; x_wconf 89' lang='lat' dir='ltr'>est</span> <span class='ocrx_word' id='word_1_265' title='bbox 1977 1887 2168 1936; x_wconf 86' lang='lat' dir='ltr'>medium</span> 
     </span>
     <span class='ocr_line' id='line_1_26' title="bbox 515 1949 2168 2018; baseline 0 -18"><span class='ocrx_word' id='word_1_266' title='bbox 515 1958 625 2001; x_wconf 87' lang='lat' dir='ltr'>inter</span> <span class='ocrx_word' id='word_1_267' title='bbox 655 1971 725 2000; x_wconf 85' lang='lat' dir='ltr'>ens</span> <span class='ocrx_word' id='word_1_268' title='bbox 756 1950 995 2015; x_wconf 76' lang='lat' dir='ltr'>(impliciter</span> <span class='ocrx_word' id='word_1_269' title='bbox 1027 1959 1070 1998; x_wconf 82' lang='lat'>&amp;</span> <span class='ocrx_word' id='word_1_270' title='bbox 1094 1967 1244 2018; x_wconf 81' lang='lat' dir='ltr'>puram</span> <span class='ocrx_word' id='word_1_271' title='bbox 1266 1955 1523 2016; x_wconf 85' lang='lat' dir='ltr'>potentiam:</span> <span class='ocrx_word' id='word_1_272' title='bbox 1578 1970 1674 1998; x_wconf 85' lang='lat' dir='ltr'>uate</span> <span class='ocrx_word' id='word_1_273' title='bbox 1694 1949 1828 1999; x_wconf 65' lang='lat' dir='ltr'>veritis</span> <span class='ocrx_word' id='word_1_274' title='bbox 1850 1952 2013 2001; x_wconf 88' lang='lat' dir='ltr'>dicetur</span> <span class='ocrx_word' id='word_1_275' title='bbox 2034 1954 2168 2000; x_wconf 88' lang='lat' dir='ltr'>subie-</span> 
     </span>
     <span class='ocr_line' id='line_1_27' title="bbox 517 1969 2170 2084; baseline 0 -17"><span class='ocrx_word' id='word_1_276' title='bbox 517 2022 637 2067; x_wconf 72' lang='lat' dir='ltr'>&amp;um</span> <span class='ocrx_word' id='word_1_277' title='bbox 655 2017 787 2084; x_wconf 57' lang='lat' dir='ltr'>quim</span> <span class='ocrx_word' id='word_1_278' title='bbox 817 2025 987 2064; x_wconf 88' lang='lat' dir='ltr'>materia</span> <span class='ocrx_word' id='word_1_279' title='bbox 1011 2053 1021 2065; x_wconf 93' lang='lat'>.</span> <span class='ocrx_word' id='word_1_280' title='bbox 1045 2032 1300 2083; x_wconf 84' lang='lat' dir='ltr'>quapropter</span> <span class='ocrx_word' id='word_1_281' title='bbox 1320 2016 1422 2064; x_wconf 87' lang='lat' dir='ltr'>dicit</span> <span class='ocrx_word' id='word_1_282' title='bbox 1452 1969 1690 2064; x_wconf 48' lang='lat' dir='ltr'>excellentia</span> <span class='ocrx_word' id='word_1_283' title='bbox 1713 2034 1784 2065; x_wconf 92' lang='lat' dir='ltr'>tua</span> <span class='ocrx_word' id='word_1_284' title='bbox 1808 2017 2066 2066; x_wconf 81' lang='lat' dir='ltr'>falfiffirnurn</span> <span class='ocrx_word' id='word_1_285' title='bbox 2088 2022 2170 2067; x_wconf 81' lang='lat' dir='ltr'>effe</span> 
     </span>
     <span class='ocr_line' id='line_1_28' title="bbox 517 2082 2170 2152; baseline 0.001 -20"><span class='ocrx_word' id='word_1_286' title='bbox 517 2082 650 2133; x_wconf 86' lang='lat' dir='ltr'>intelli</span> <span class='ocrx_word' id='word_1_287' title='bbox 679 2088 833 2131; x_wconf 81' lang='lat' dir='ltr'>entiam</span> <span class='ocrx_word' id='word_1_288' title='bbox 862 2082 941 2130; x_wconf 84' lang='lat' dir='ltr'>esse</span> <span class='ocrx_word' id='word_1_289' title='bbox 967 2082 1151 2130; x_wconf 83' lang='lat' dir='ltr'>formam</span> <span class='ocrx_word' id='word_1_290' title='bbox 1188 2083 1358 2129; x_wconf 83' lang='lat' dir='ltr'>dantem</span> <span class='ocrx_word' id='word_1_291' title='bbox 1392 2083 1470 2129; x_wconf 81' lang='lat' dir='ltr'>esse</span> <span class='ocrx_word' id='word_1_292' title='bbox 1501 2088 1670 2149; x_wconf 83' lang='lat' dir='ltr'>corpori</span> <span class='ocrx_word' id='word_1_293' title='bbox 1692 2082 1847 2131; x_wconf 85' lang='lat' dir='ltr'>coelesti</span> <span class='ocrx_word' id='word_1_294' title='bbox 1866 2121 1880 2143; x_wconf 89' lang='lat'><strong>,</strong></span> <span class='ocrx_word' id='word_1_295' title='bbox 1902 2101 1948 2133; x_wconf 84' lang='lat' dir='ltr'>vt</span> <span class='ocrx_word' id='word_1_296' title='bbox 1980 2084 2170 2152; x_wconf 62' lang='lat' dir='ltr'>praeclare</span> 
     </span>
     <span class='ocr_line' id='line_1_29' title="bbox 517 2147 2168 2216; baseline -0.001 -18"><span class='ocrx_word' id='word_1_297' title='bbox 517 2152 635 2198; x_wconf 84' lang='lat' dir='ltr'>osten</span> <span class='ocrx_word' id='word_1_298' title='bbox 667 2157 697 2198; x_wconf 91' lang='lat' dir='ltr'>it</span> <span class='ocrx_word' id='word_1_299' title='bbox 715 2151 861 2197; x_wconf 89' lang='lat' dir='ltr'>beatus</span> <span class='ocrx_word' id='word_1_300' title='bbox 882 2147 1075 2196; x_wconf 84' lang='lat' dir='ltr'>Thomas</span> <span class='ocrx_word' id='word_1_301' title='bbox 1096 2148 1328 2196; x_wconf 84' lang='lat' dir='ltr'>rationibus</span> <span class='ocrx_word' id='word_1_302' title='bbox 1350 2148 1562 2196; x_wconf 73' lang='lat' dir='ltr'>adductis.</span> <span class='ocrx_word' id='word_1_303' title='bbox 1575 2152 1682 2196; x_wconf 88' lang='lat' dir='ltr'>Non</span> <span class='ocrx_word' id='word_1_304' title='bbox 1708 2151 1874 2216; x_wconf 83' lang='lat' dir='ltr'>poffum</span> <span class='ocrx_word' id='word_1_305' title='bbox 1888 2155 2015 2199; x_wconf 85' lang='lat' dir='ltr'>etiam</span> <span class='ocrx_word' id='word_1_306' title='bbox 2026 2151 2108 2198; x_wconf 87' lang='lat' dir='ltr'>hoc</span> <span class='ocrx_word' id='word_1_307' title='bbox 2122 2169 2168 2198; x_wconf 82' lang='lat' dir='ltr'>ln</span> 
     </span>
     <span class='ocr_line' id='line_1_30' title="bbox 517 2213 2170 2282; baseline 0 -18"><span class='ocrx_word' id='word_1_308' title='bbox 517 2216 619 2264; x_wconf 89' lang='lat' dir='ltr'>loco</span> <span class='ocrx_word' id='word_1_309' title='bbox 652 2213 869 2263; x_wconf 62' lang='lat' dir='ltr'>clarissime</span> <span class='ocrx_word' id='word_1_310' title='bbox 899 2231 1126 2281; x_wconf 84' lang='lat' dir='ltr'>praeceptot</span> <span class='ocrx_word' id='word_1_311' title='bbox 1155 2232 1246 2261; x_wconf 86' lang='lat' dir='ltr'>non</span> <span class='ocrx_word' id='word_1_312' title='bbox 1268 2219 1406 2261; x_wconf 84' lang='lat' dir='ltr'>mirari</span> <span class='ocrx_word' id='word_1_313' title='bbox 1426 2241 1438 2268; x_wconf 63' lang='grc' dir='ltr'><strong>ς</strong></span> <span class='ocrx_word' id='word_1_314' title='bbox 1458 2215 1578 2282; x_wconf 86' lang='lat' dir='ltr'>quod</span> <span class='ocrx_word' id='word_1_315' title='bbox 1600 2220 1724 2263; x_wconf 87' lang='lat' dir='ltr'>etiam</span> <span class='ocrx_word' id='word_1_316' title='bbox 1746 2214 1828 2264; x_wconf 88' lang='lat' dir='ltr'>hac</span> <span class='ocrx_word' id='word_1_317' title='bbox 1848 2221 1892 2263; x_wconf 88' lang='lat' dir='ltr'>in</span> <span class='ocrx_word' id='word_1_318' title='bbox 1916 2234 1958 2264; x_wconf 91' lang='lat' dir='ltr'>re</span> <span class='ocrx_word' id='word_1_319' title='bbox 1982 2234 2170 2264; x_wconf 85' lang='lat' dir='ltr'>mutaue-</span> 
     </span>
     <span class='ocr_line' id='line_1_31' title="bbox 518 2277 2164 2348; baseline 0 -18"><span class='ocrx_word' id='word_1_320' title='bbox 518 2288 573 2330; x_wconf 88' lang='lat' dir='ltr'>ris</span> <span class='ocrx_word' id='word_1_321' title='bbox 602 2299 695 2330; x_wconf 89' lang='lat' dir='ltr'>eam</span> <span class='ocrx_word' id='word_1_322' title='bbox 717 2282 957 2328; x_wconf 86' lang='lat' dir='ltr'>sententiam</span> <span class='ocrx_word' id='word_1_323' title='bbox 981 2317 994 2339; x_wconf 88' lang='lat'>,</span> <span class='ocrx_word' id='word_1_324' title='bbox 1017 2298 1149 2348; x_wconf 87' lang='lat' dir='ltr'>quam</span> <span class='ocrx_word' id='word_1_325' title='bbox 1175 2277 1390 2327; x_wconf 82' lang='lat' dir='ltr'>clariffima</span> <span class='ocrx_word' id='word_1_326' title='bbox 1420 2298 1528 2327; x_wconf 82' lang='lat' dir='ltr'>voce</span> <span class='ocrx_word' id='word_1_327' title='bbox 1559 2281 1820 2346; x_wconf 83' lang='lat' dir='ltr'>profitebaris</span> <span class='ocrx_word' id='word_1_328' title='bbox 1852 2286 1896 2330; x_wconf 88' lang='lat' dir='ltr'>in</span> <span class='ocrx_word' id='word_1_329' title='bbox 1930 2282 2164 2347; x_wconf 83' lang='lat' dir='ltr'>Gymnafio</span> 
     </span>
     <span class='ocr_line' id='line_1_32' title="bbox 518 2344 2166 2415; baseline 0 -19"><span class='ocrx_word' id='word_1_330' title='bbox 518 2353 725 2396; x_wconf 86' lang='lat' dir='ltr'>Patauino</span> <span class='ocrx_word' id='word_1_331' title='bbox 747 2385 757 2394; x_wconf 94' lang='lat'><strong>.</strong></span> <span class='ocrx_word' id='word_1_332' title='bbox 783 2344 873 2394; x_wconf 65' lang='lat' dir='ltr'>imo</span> <span class='ocrx_word' id='word_1_333' title='bbox 895 2365 993 2394; x_wconf 86' lang='lat' dir='ltr'>cum</span> <span class='ocrx_word' id='word_1_334' title='bbox 1017 2353 1223 2394; x_wconf 87' lang='lat' dir='ltr'>memoria</span> <span class='ocrx_word' id='word_1_335' title='bbox 1244 2362 1386 2413; x_wconf 86' lang='lat' dir='ltr'>repeto</span> <span class='ocrx_word' id='word_1_336' title='bbox 1400 2350 1614 2394; x_wconf 86' lang='lat' dir='ltr'>acerrimas</span> <span class='ocrx_word' id='word_1_337' title='bbox 1634 2347 1928 2415; x_wconf 84' lang='lat' dir='ltr'>disputationes</span> <span class='ocrx_word' id='word_1_338' title='bbox 1952 2365 2042 2396; x_wconf 89' lang='lat' dir='ltr'>tuas</span> <span class='ocrx_word' id='word_1_339' title='bbox 2066 2367 2166 2396; x_wconf 85' lang='lat' dir='ltr'>cum</span> 
     </span>
     <span class='ocr_line' id='line_1_33' title="bbox 520 2411 2168 2479; baseline -0.001 -16"><span class='ocrx_word' id='word_1_340' title='bbox 520 2418 717 2464; x_wconf 80' lang='lat' dir='ltr'>Antonio</span> <span class='ocrx_word' id='word_1_341' title='bbox 728 2412 1045 2460; x_wconf 84' lang='lat' dir='ltr'>Trachanciano</span> <span class='ocrx_word' id='word_1_342' title='bbox 1057 2413 1109 2460; x_wconf 90' lang='lat' dir='ltr'>de</span> <span class='ocrx_word' id='word_1_343' title='bbox 1129 2411 1209 2459; x_wconf 89' lang='lat' dir='ltr'>hac</span> <span class='ocrx_word' id='word_1_344' title='bbox 1219 2430 1284 2468; x_wconf 57' lang='grc' dir='ltr'>ιτς</span> <span class='ocrx_word' id='word_1_345' title='bbox 1330 2417 1372 2459; x_wconf 84' lang='lat' dir='ltr'>ui</span> <span class='ocrx_word' id='word_1_346' title='bbox 1382 2412 1546 2460; x_wconf 87' lang='lat' dir='ltr'>tenebat</span> <span class='ocrx_word' id='word_1_347' title='bbox 1564 2411 1880 2479; x_wconf 82' lang='lat' dir='ltr'>intelligentiam</span> <span class='ocrx_word' id='word_1_348' title='bbox 1892 2432 1978 2460; x_wconf 86' lang='lat' dir='ltr'>non</span> <span class='ocrx_word' id='word_1_349' title='bbox 1992 2417 2070 2462; x_wconf 78' lang='lat' dir='ltr'>ess&#39;e</span> <span class='ocrx_word' id='word_1_350' title='bbox 2080 2414 2168 2462; x_wconf 86' lang='lat' dir='ltr'>for-</span> 
     </span>
     <span class='ocr_line' id='line_1_34' title="bbox 523 2430 2266 2547; baseline 0 -19"><span class='ocrx_word' id='word_1_351' title='bbox 523 2498 641 2528; x_wconf 84' lang='lat' dir='ltr'>mam</span> <span class='ocrx_word' id='word_1_352' title='bbox 671 2479 841 2527; x_wconf 85' lang='lat' dir='ltr'>dantem</span> <span class='ocrx_word' id='word_1_353' title='bbox 874 2479 953 2526; x_wconf 86' lang='lat' dir='ltr'>effe</span> <span class='ocrx_word' id='word_1_354' title='bbox 985 2483 1154 2545; x_wconf 84' lang='lat' dir='ltr'>corpori</span> <span class='ocrx_word' id='word_1_355' title='bbox 1188 2430 1343 2526; x_wconf 71' lang='lat' dir='ltr'>ccelelli</span> <span class='ocrx_word' id='word_1_356' title='bbox 1366 2498 1376 2524; x_wconf 74' lang='grc' dir='ltr'><strong>ε</strong></span> <span class='ocrx_word' id='word_1_357' title='bbox 1396 2496 1564 2544; x_wconf 85' lang='lat' dir='ltr'>nequeo</span> <span class='ocrx_word' id='word_1_358' title='bbox 1584 2498 1670 2526; x_wconf 85' lang='lat' dir='ltr'>non</span> <span class='ocrx_word' id='word_1_359' title='bbox 1700 2479 1986 2547; x_wconf 83' lang='lat' dir='ltr'>obstupescere</span> <span class='ocrx_word' id='word_1_360' title='bbox 2008 2518 2022 2536; x_wconf 90' lang='lat'>,</span> <span class='ocrx_word' id='word_1_361' title='bbox 2044 2480 2166 2546; x_wconf 86' lang='lat' dir='ltr'>quod</span> <span class='ocrx_word' id='word_1_362' title='bbox 2216 2474 2266 2518; x_wconf 82' lang='lat' dir='ltr'>H</span> 
     </span>
     <span class='ocr_line' id='line_1_35' title="bbox 523 2543 2166 2611; baseline 0.001 -17"><span class='ocrx_word' id='word_1_363' title='bbox 523 2548 765 2594; x_wconf 85' lang='lat' dir='ltr'>sententiam</span> <span class='ocrx_word' id='word_1_364' title='bbox 779 2548 1015 2592; x_wconf 85' lang='lat' dir='ltr'>mutaueris.</span> <span class='ocrx_word' id='word_1_365' title='bbox 1031 2549 1242 2592; x_wconf 83' lang='lat' dir='ltr'>Caeterum</span> <span class='ocrx_word' id='word_1_366' title='bbox 1258 2545 1462 2611; x_wconf 84' lang='lat' dir='ltr'>quicquid</span> <span class='ocrx_word' id='word_1_367' title='bbox 1474 2543 1644 2592; x_wconf 86' lang='lat' dir='ltr'>huiusce</span> <span class='ocrx_word' id='word_1_368' title='bbox 1654 2549 1710 2592; x_wconf 85' lang='lat' dir='ltr'>rei</span> <span class='ocrx_word' id='word_1_369' title='bbox 1722 2548 1840 2593; x_wconf 84' lang='lat' dir='ltr'>causa</span> <span class='ocrx_word' id='word_1_370' title='bbox 1850 2545 1974 2593; x_wconf 88' lang='lat' dir='ltr'>fuerit</span> <span class='ocrx_word' id='word_1_371' title='bbox 1984 2582 1998 2604; x_wconf 88' lang='lat'>,</span> <span class='ocrx_word' id='word_1_372' title='bbox 2010 2546 2062 2594; x_wconf 85' lang='lat' dir='ltr'>ad</span> <span class='ocrx_word' id='word_1_373' title='bbox 2076 2565 2166 2596; x_wconf 81' lang='lat' dir='ltr'>rem</span> 
     </span>
     <span class='ocr_line' id='line_1_36' title="bbox 523 2609 2166 2678; baseline 0 -18"><span class='ocrx_word' id='word_1_374' title='bbox 523 2611 767 2660; x_wconf 83' lang='lat' dir='ltr'>accedamus</span> <span class='ocrx_word' id='word_1_375' title='bbox 783 2649 793 2658; x_wconf 94' lang='lat'>.</span> <span class='ocrx_word' id='word_1_376' title='bbox 810 2619 853 2658; x_wconf 87' lang='lat'>&amp;</span> <span class='ocrx_word' id='word_1_377' title='bbox 877 2627 975 2677; x_wconf 74' lang='lat' dir='ltr'>quia</span> <span class='ocrx_word' id='word_1_378' title='bbox 993 2611 1085 2658; x_wconf 74' lang='lat' dir='ltr'>fitis</span> <span class='ocrx_word' id='word_1_379' title='bbox 1117 2610 1320 2676; x_wconf 63' lang='lat' dir='ltr'>supcrque</span> <span class='ocrx_word' id='word_1_380' title='bbox 1342 2614 1548 2658; x_wconf 83' lang='lat' dir='ltr'>rationem</span> <span class='ocrx_word' id='word_1_381' title='bbox 1568 2610 1622 2657; x_wconf 60' lang='lat' dir='ltr'>ad,</span> <span class='ocrx_word' id='word_1_382' title='bbox 1640 2609 1726 2658; x_wconf 85' lang='lat' dir='ltr'>haec</span> <span class='ocrx_word' id='word_1_383' title='bbox 1746 2611 2012 2678; x_wconf 87' lang='lat' dir='ltr'>probandum</span> <span class='ocrx_word' id='word_1_384' title='bbox 2032 2614 2166 2660; x_wconf 88' lang='lat' dir='ltr'>addu-</span> 
     </span>
     <span class='ocr_line' id='line_1_37' title="bbox 521 2674 2166 2732; baseline -0.001 -6"><span class='ocrx_word' id='word_1_385' title='bbox 521 2684 658 2726; x_wconf 82' lang='lat' dir='ltr'>ximus</span> <span class='ocrx_word' id='word_1_386' title='bbox 691 2682 735 2724; x_wconf 84' lang='lat' dir='ltr'>in</span> <span class='ocrx_word' id='word_1_387' title='bbox 757 2678 900 2723; x_wconf 86' lang='lat' dir='ltr'>nostro</span> <span class='ocrx_word' id='word_1_388' title='bbox 923 2679 1095 2724; x_wconf 64' lang='lat' dir='ltr'>tractatu</span> <span class='ocrx_word' id='word_1_389' title='bbox 1117 2713 1129 2732; x_wconf 84' lang='lat'><em>,</em></span> <span class='ocrx_word' id='word_1_390' title='bbox 1155 2674 1236 2723; x_wconf 80' lang='lat' dir='ltr'>illae</span> <span class='ocrx_word' id='word_1_391' title='bbox 1264 2674 1344 2723; x_wconf 80' lang='lat' dir='ltr'>sint</span> <span class='ocrx_word' id='word_1_392' title='bbox 1374 2676 1486 2724; x_wconf 82' lang='lat' dir='ltr'>satis.</span> <span class='ocrx_word' id='word_1_393' title='bbox 1508 2675 1682 2724; x_wconf 85' lang='lat' dir='ltr'>Soluam</span> <span class='ocrx_word' id='word_1_394' title='bbox 1704 2679 2008 2724; x_wconf 84' lang='lat' dir='ltr'>tantummodo</span> <span class='ocrx_word' id='word_1_395' title='bbox 2040 2682 2166 2725; x_wconf 86' lang='lat' dir='ltr'>ratio-</span> 
     </span>
     <span class='ocr_line' id='line_1_38' title="bbox 521 2742 2166 2809; baseline -0.001 -17"><span class='ocrx_word' id='word_1_396' title='bbox 521 2762 595 2792; x_wconf 88' lang='lat' dir='ltr'>nes</span> <span class='ocrx_word' id='word_1_397' title='bbox 627 2761 729 2809; x_wconf 85' lang='lat' dir='ltr'>quas</span> <span class='ocrx_word' id='word_1_398' title='bbox 763 2742 933 2790; x_wconf 82' lang='lat' dir='ltr'>adducis</span> <span class='ocrx_word' id='word_1_399' title='bbox 956 2779 967 2790; x_wconf 88' lang='lat'><strong>.</strong></span> <span class='ocrx_word' id='word_1_400' title='bbox 1003 2742 1073 2789; x_wconf 84' lang='lat' dir='ltr'>Ad</span> <span class='ocrx_word' id='word_1_401' title='bbox 1107 2746 1286 2806; x_wconf 83' lang='lat' dir='ltr'>primam</span> <span class='ocrx_word' id='word_1_402' title='bbox 1322 2759 1422 2807; x_wconf 85' lang='lat' dir='ltr'>ergo</span> <span class='ocrx_word' id='word_1_403' title='bbox 1456 2742 1680 2790; x_wconf 84' lang='lat' dir='ltr'>dicendum</span> <span class='ocrx_word' id='word_1_404' title='bbox 1704 2779 1716 2799; x_wconf 80' lang='grc'><strong>,</strong></span> <span class='ocrx_word' id='word_1_405' title='bbox 1736 2744 1854 2809; x_wconf 85' lang='lat' dir='ltr'>quod</span> <span class='ocrx_word' id='word_1_406' title='bbox 1886 2744 2118 2792; x_wconf 87' lang='lat' dir='ltr'>recedendo</span> <span class='ocrx_word' id='word_1_407' title='bbox 2140 2743 2166 2791; x_wconf 59' lang='lat' dir='ltr'>A</span> 
     </span>
     <span class='ocr_line' id='line_1_39' title="bbox 521 2808 2166 2877; baseline -0.001 -19"><span class='ocrx_word' id='word_1_408' title='bbox 521 2828 611 2858; x_wconf 83' lang='lat' dir='ltr'>nnn</span> <span class='ocrx_word' id='word_1_409' title='bbox 643 2809 773 2874; x_wconf 71' lang='lat' dir='ltr'>gradu</span> <span class='ocrx_word' id='word_1_410' title='bbox 795 2813 924 2866; x_wconf 86' lang='lat' dir='ltr'>entis,</span> <span class='ocrx_word' id='word_1_411' title='bbox 942 2813 1071 2873; x_wconf 85' lang='lat' dir='ltr'>magis</span> <span class='ocrx_word' id='word_1_412' title='bbox 1095 2808 1215 2855; x_wconf 77' lang='lat' dir='ltr'>distat</span> <span class='ocrx_word' id='word_1_413' title='bbox 1234 2808 1286 2854; x_wconf 88' lang='lat' dir='ltr'>ab</span> <span class='ocrx_word' id='word_1_414' title='bbox 1300 2826 1350 2854; x_wconf 88' lang='lat' dir='ltr'>eo</span> <span class='ocrx_word' id='word_1_415' title='bbox 1372 2826 1524 2875; x_wconf 84' lang='lat' dir='ltr'>corpus</span> <span class='ocrx_word' id='word_1_416' title='bbox 1546 2808 1876 2876; x_wconf 74' lang='lat' dir='ltr'>coeleste,quim</span> <span class='ocrx_word' id='word_1_417' title='bbox 1900 2816 2070 2858; x_wconf 86' lang='lat' dir='ltr'>materia</span> <span class='ocrx_word' id='word_1_418' title='bbox 2090 2814 2166 2877; x_wconf 86' lang='lat' dir='ltr'>pri-</span> 
     </span>
     <span class='ocr_line' id='line_1_40' title="bbox 523 2871 2162 2942; baseline -0.001 -19"><span class='ocrx_word' id='word_1_419' title='bbox 523 2893 595 2923; x_wconf 87' lang='lat' dir='ltr'>ma</span> <span class='ocrx_word' id='word_1_420' title='bbox 617 2912 627 2923; x_wconf 92' lang='lat'>.</span> <span class='ocrx_word' id='word_1_421' title='bbox 651 2892 779 2941; x_wconf 82' lang='lat' dir='ltr'>quare</span> <span class='ocrx_word' id='word_1_422' title='bbox 805 2892 904 2920; x_wconf 84' lang='lat' dir='ltr'>curn</span> <span class='ocrx_word' id='word_1_423' title='bbox 937 2874 1105 2921; x_wconf 82' lang='lat' dir='ltr'>receffus</span> <span class='ocrx_word' id='word_1_424' title='bbox 1127 2871 1152 2920; x_wconf 70' lang='grc' dir='ltr'>εἴ</span> <span class='ocrx_word' id='word_1_425' title='bbox 1175 2891 1264 2920; x_wconf 87' lang='lat' dir='ltr'>non</span> <span class='ocrx_word' id='word_1_426' title='bbox 1286 2890 1378 2920; x_wconf 87' lang='lat' dir='ltr'>ente</span> <span class='ocrx_word' id='word_1_427' title='bbox 1412 2873 1460 2921; x_wconf 83' lang='lat' dir='ltr'>fit</span> <span class='ocrx_word' id='word_1_428' title='bbox 1478 2892 1550 2941; x_wconf 86' lang='lat' dir='ltr'>per</span> <span class='ocrx_word' id='word_1_429' title='bbox 1570 2878 1712 2922; x_wconf 61' lang='lat' dir='ltr'>aditum</span> <span class='ocrx_word' id='word_1_430' title='bbox 1742 2875 1956 2941; x_wconf 84' lang='lat' dir='ltr'>quendam</span> <span class='ocrx_word' id='word_1_431' title='bbox 1976 2896 1988 2922; x_wconf 72' lang='grc' dir='ltr'>τ</span> <span class='ocrx_word' id='word_1_432' title='bbox 2012 2893 2162 2942; x_wconf 85' lang='lat' dir='ltr'>corpus</span> 
     </span>
     <span class='ocr_line' id='line_1_41' title="bbox 523 2938 2162 3008; baseline -0.001 -19"><span class='ocrx_word' id='word_1_433' title='bbox 523 2939 689 2989; x_wconf 85' lang='lat' dir='ltr'>coeleste</span> <span class='ocrx_word' id='word_1_434' title='bbox 713 2958 799 2987; x_wconf 88' lang='lat' dir='ltr'>non</span> <span class='ocrx_word' id='word_1_435' title='bbox 824 2941 881 2987; x_wconf 87' lang='lat' dir='ltr'>est</span> <span class='ocrx_word' id='word_1_436' title='bbox 901 2945 943 2987; x_wconf 86' lang='lat' dir='ltr'>in</span> <span class='ocrx_word' id='word_1_437' title='bbox 965 2958 1065 3006; x_wconf 83' lang='lat' dir='ltr'>pura</span> <span class='ocrx_word' id='word_1_438' title='bbox 1087 2945 1274 3006; x_wconf 85' lang='lat' dir='ltr'>potentia</span> <span class='ocrx_word' id='word_1_439' title='bbox 1294 2976 1306 2995; x_wconf 90' lang='lat'>,</span> <span class='ocrx_word' id='word_1_440' title='bbox 1329 2938 1446 2987; x_wconf 85' lang='lat' dir='ltr'>ficuti</span> <span class='ocrx_word' id='word_1_441' title='bbox 1468 2946 1640 2994; x_wconf 77' lang='lat' dir='ltr'>materia¹</span> <span class='ocrx_word' id='word_1_442' title='bbox 1656 2945 1810 3008; x_wconf 88' lang='lat' dir='ltr'>prima:</span> <span class='ocrx_word' id='word_1_443' title='bbox 1832 2943 1915 2988; x_wconf 80' lang='lat' dir='ltr'>Sed</span> <span class='ocrx_word' id='word_1_444' title='bbox 1936 2942 1992 2988; x_wconf 80' lang='lat' dir='ltr'>est</span> <span class='ocrx_word' id='word_1_445' title='bbox 2012 2947 2054 2989; x_wconf 89' lang='lat' dir='ltr'>in</span> <span class='ocrx_word' id='word_1_446' title='bbox 2066 2946 2162 2988; x_wconf 66' lang='lat' dir='ltr'>adiu</span> 
     </span>
     <span class='ocr_line' id='line_1_42' title="bbox 523 3004 2164 3074; baseline -0.001 -19"><span class='ocrx_word' id='word_1_447' title='bbox 523 3006 555 3055; x_wconf 83' lang='lat' dir='ltr'>fi</span> <span class='ocrx_word' id='word_1_448' title='bbox 567 3022 831 3073; x_wconf 83' lang='lat' dir='ltr'>comparetur</span> <span class='ocrx_word' id='word_1_449' title='bbox 855 3011 1035 3053; x_wconf 83' lang='lat' dir='ltr'>materiae</span> <span class='ocrx_word' id='word_1_450' title='bbox 1047 3043 1057 3053; x_wconf 93' lang='lat'><strong>.</strong></span> <span class='ocrx_word' id='word_1_451' title='bbox 1071 3008 1179 3053; x_wconf 86' lang='lat' dir='ltr'>Non</span> <span class='ocrx_word' id='word_1_452' title='bbox 1191 3022 1334 3053; x_wconf 82' lang='lat' dir='ltr'>tamen</span> <span class='ocrx_word' id='word_1_453' title='bbox 1356 3005 1482 3054; x_wconf 83' lang='lat' dir='ltr'>habet</span> <span class='ocrx_word' id='word_1_454' title='bbox 1492 3007 1568 3054; x_wconf 75' lang='lat' dir='ltr'>ess&#39;e</span> <span class='ocrx_word' id='word_1_455' title='bbox 1590 3004 1876 3073; x_wconf 80' lang='lat' dir='ltr'>completum,</span> <span class='ocrx_word' id='word_1_456' title='bbox 1888 3011 1944 3055; x_wconf 84' lang='lat' dir='ltr'>ita</span> <span class='ocrx_word' id='word_1_457' title='bbox 1962 3008 2078 3074; x_wconf 85' lang='lat' dir='ltr'>quod</span> <span class='ocrx_word' id='word_1_458' title='bbox 2092 3026 2164 3074; x_wconf 88' lang='lat' dir='ltr'>per</span> 
     </span>
     <span class='ocr_line' id='line_1_43' title="bbox 524 3070 2164 3139; baseline 0 -19"><span class='ocrx_word' id='word_1_459' title='bbox 524 3072 565 3121; x_wconf 91' lang='lat' dir='ltr'>se</span> <span class='ocrx_word' id='word_1_460' title='bbox 576 3073 717 3120; x_wconf 85' lang='lat' dir='ltr'>existat</span> <span class='ocrx_word' id='word_1_461' title='bbox 727 3109 741 3129; x_wconf 83' lang='lat'><strong>‚</strong></span> <span class='ocrx_word' id='word_1_462' title='bbox 751 3073 819 3119; x_wconf 81' lang='lat' dir='ltr'>sed</span> <span class='ocrx_word' id='word_1_463' title='bbox 831 3073 883 3119; x_wconf 82' lang='lat' dir='ltr'>ab</span> <span class='ocrx_word' id='word_1_464' title='bbox 895 3070 1165 3138; x_wconf 82' lang='lat' dir='ltr'>intelligentia</span> <span class='ocrx_word' id='word_1_465' title='bbox 1175 3072 1262 3120; x_wconf 86' lang='lat' dir='ltr'>hoc</span> <span class='ocrx_word' id='word_1_466' title='bbox 1274 3072 1736 3139; x_wconf 66' lang='lat' dir='ltr'>sordrurquamuboem</span> <span class='ocrx_word' id='word_1_467' title='bbox 1750 3072 1872 3121; x_wconf 86' lang='lat' dir='ltr'>habet</span> <span class='ocrx_word' id='word_1_468' title='bbox 1884 3075 1960 3121; x_wconf 84' lang='lat' dir='ltr'>effe</span> <span class='ocrx_word' id='word_1_469' title='bbox 1980 3074 2032 3121; x_wconf 88' lang='lat' dir='ltr'>ab</span> <span class='ocrx_word' id='word_1_470' title='bbox 2042 3072 2164 3122; x_wconf 80' lang='lat' dir='ltr'>intel-</span> 
     </span>
     <span class='ocr_line' id='line_1_44' title="bbox 527 3136 2163 3207; baseline -0.001 -20"><span class='ocrx_word' id='word_1_471' title='bbox 527 3138 713 3206; x_wconf 73' lang='lat' dir='ltr'>ligentia;</span> <span class='ocrx_word' id='word_1_472' title='bbox 725 3137 849 3187; x_wconf 87' lang='lat' dir='ltr'>habet</span> <span class='ocrx_word' id='word_1_473' title='bbox 857 3154 997 3187; x_wconf 86' lang='lat' dir='ltr'>tamen</span> <span class='ocrx_word' id='word_1_474' title='bbox 1009 3154 1171 3187; x_wconf 84' lang='lat' dir='ltr'>tantum</span> <span class='ocrx_word' id='word_1_475' title='bbox 1183 3143 1314 3196; x_wconf 59' lang='lat' dir='ltr'>adim,</span> <span class='ocrx_word' id='word_1_476' title='bbox 1328 3139 1449 3205; x_wconf 81' lang='lat' dir='ltr'>quod</span> <span class='ocrx_word' id='word_1_477' title='bbox 1460 3138 1644 3188; x_wconf 75' lang='lat' dir='ltr'>[officere</span> <span class='ocrx_word' id='word_1_478' title='bbox 1651 3136 1776 3207; x_wconf 77' lang='lat' dir='ltr'>possit</span> <span class='ocrx_word' id='word_1_479' title='bbox 1788 3140 1838 3193; x_wconf 87' lang='lat' dir='ltr'>ad</span> <span class='ocrx_word' id='word_1_480' title='bbox 1850 3140 1996 3199; x_wconf 79' lang='lat' dir='ltr'>hoc‚vt</span> <span class='ocrx_word' id='word_1_481' title='bbox 2008 3138 2060 3187; x_wconf 82' lang='lat' dir='ltr'>fit</span> <span class='ocrx_word' id='word_1_482' title='bbox 2068 3140 2163 3186; x_wconf 76' lang='lat' dir='ltr'>iub-</span> 
     </span>
     <span class='ocr_line' id='line_1_45' title="bbox 2005 3209 2160 3254; baseline 0.006 -1"><span class='ocrx_word' id='word_1_483' title='bbox 2005 3209 2160 3254; x_wconf 61' lang='lat' dir='ltr'>iccium</span> 
     </span>
    </p>
   </div>
  </div>
 </body>
</html>
