2455 3671
985 747 1254 810 L1BER
1313 744 1730 810 Qtzzvrvs.

1093 897 1123 925 ο
1135 896 1152 924 s
1163 894 1193 926 τ
1204 894 1283 937 Q
1292 893 1323 924 A
1334 893 1374 924 M
1395 881 1534 925 omnis
1545 875 1632 925 fere
1643 879 1750 925 ratio
1762 874 2073 942 gubernationis
2084 877 2185 924 Rei-

773 935 790 952 '
833 939 861 953 ’”
915 951 1037 1005 τ’ἁῑτῆ-
1091 941 1301 1011 Ριὼὶἰεεὲ
1317 943 1440 991 nobis
1461 942 1646 1010 expolita
1656 938 1980 1008 est‚omnes{1ue
1998 938 2186 989 recensiti

1091 1011 1354 1075 magistratus
1368 1009 1514 1058 vrbani
1524 1046 1538 1068 ,
1548 1026 1638 1057 non
1658 1013 1946 1076 importunam
1954 1004 2186 1055 alienamve
2208 1000 2242 1045 F

1018 1129 1027 1144 Ι
1093 1075 1145 1122 ab
1156 1093 1284 1142 opere
1292 1092 1382 1122 rem
1390 1073 1574 1122 facturus
1585 1072 1808 1133 videbor,fi
1818 1074 1871 1121 de
1880 1073 2185 1140 magistratibus

911 1188 922 1205 Α
940 1133 950 1142 ”
1013 1150 1044 1199 ζ
1095 1144 1240 1188 exteris
1252 1141 1380 1188 verba
1398 1138 1538 1188 fecero
1548 1160 1561 1186 ε
1584 1145 1632 1187 iis
1654 1138 1806 1188 scilicet
1822 1139 1976 1206 quibus
1998 1142 2186 1186 ciuitates

1022 1215 1045 1242 w*
1094 1223 1187 1272 quae
1196 1210 1240 1253 in
1251 1206 1434 1253 nostram
1444 1221 1645 1254 venerunt
1660 1205 1902 1253 societatem
1916 1209 2003 1271 regi
2012 1203 2182 1252 soleant:

1094 1272 1237 1339 postea
1248 1271 1300 1319 de
1312 1270 1554 1319 militaribus
1566 1275 1750 1338 imperiis
1760 1305 1776 1324 ‚
1784 1289 1834 1319 ac
1843 1270 2018 1319 demum
2030 1270 2084 1318 de
2094 1287 2188 1318 mu-

1002 1388 1003 1391 ,
1038 1373 1048 1389 χ
1095 1338 1260 1384 neribus
1272 1336 1450 1386 aliorum
1462 1341 1618 1385 ciuium
1630 1373 1643 1394 ,
1654 1340 1730 1403 qui
1744 1340 1902 1404 patricii
1914 1354 2002 1384 non
2013 1335 2106 1384 sunt
2116 1353 2187 1383 or-

1040 1449 1042 1453 ,
1095 1403 1203 1450 dinis
1215 1440 1225 1450 .
1240 1406 1322 1450 His
1334 1407 1486 1450 etenim
1498 1400 1692 1469 expolitis
1703 1418 1888 1450 extrema
1906 1419 2052 1450 manus
2064 1418 2186 1449 com-

568 1507 572 1510 ,
1015 1463 1031 1475 ’”
1039 1471 1048 1473 ⁴
1095 1468 1226 1515 mode
1236 1473 1354 1535 operi
1362 1469 1550 1518 instituto
1562 1467 1757 1534 imposita
1767 1468 1896 1516 videri
1906 1472 2072 1534 poterit.
2086 1465 2186 1514 Infi-

529 1533 750 1600 gnioribus
763 1533 999 1582 ciuitatibus
1012 1550 1107 1598 quae
1119 1538 1162 1581 in
1174 1538 1328 1583 Veneti
1340 1538 1501 1601 imperij
1516 1534 1756 1582 societatem
1765 1549 1990 1591 venerunt,
2002 1547 2185 1600 quatuor

530 1601 793 1665 magistratus
814 1599 1094 1664 praeficiuntur
1105 1637 1114 1647 .
1127 1615 1280 1666 praetor
1288 1617 1394 1648 vnus
1408 1600 1606 1647 omnibus
1629 1604 1691 1646 ius
1700 1600 1824 1656 dicit,
1837 1608 1881 1647 &
1900 1597 2080 1647 forenses
2090 1597 2182 1646 lites

529 1666 763 1722 diiudicat,
777 1681 819 1711 at
852 1682 903 1712 ue
925 1669 967 1712 in
991 1664 1127 1712 sontes
1149 1666 1440 1713 animaduertit
1450 1703 1462 1714 .
1472 1664 1600 1713 habet
1618 1669 1652 1712 is
1672 1681 1824 1732 praetor
1840 1669 1886 1712 in
1904 1665 2065 1712 iudiciis
2116 1682 2185 1710 ro-

529 1731 712 1779 ferendis
725 1682 925 1777 affesffites
947 1729 1145 1778 homines
1167 1731 1418 1798 iurisperitos
1432 1767 1444 1789 ‚
1454 1748 1640 1797 quorum
1662 1729 1837 1778 consilio
1858 1734 1986 1779 vtitur
1998 1766 2009 1779 .
2024 1738 2068 1778 δε
2103 1734 2184 1779 icet
2205 1725 2247 1771 G

529 1797 642 1863 apud
665 1811 881 1863 praetorem
904 1794 955 1843 sit
975 1801 1113 1844 omnis
1135 1802 1333 1844 autoritas
1346 1833 1358 1855 ,
1370 1813 1510 1863 praeter
1530 1795 1644 1844 hunc
1664 1797 1722 1845 est
1740 1794 1952 1863 praefetSkus
1974 1832 1986 1853 ,
1998 1800 2074 1862 qui
2104 1801 2184 1844 mi-

530 1861 673 1910 litibus
697 1862 837 1928 praeest
847 1898 861 1916 ,
875 1866 949 1927 qui
971 1862 1121 1909 vrbem
1141 1860 1209 1910 vel
1230 1880 1351 1928 agros
1376 1863 1486 1909 vrbis
1506 1861 1712 1910 coluerint
1724 1898 1734 1909 .
1748 1867 1792 1909 in
1812 1860 1890 1908 hos
1902 1866 2068 1928 praetori
2092 1859 2184 1909 nul-

530 1927 623 1975 lum
645 1928 703 1975 est
727 1933 789 1974 ius
799 1962 813 1984 ,
826 1927 893 1973 sed
917 1926 1127 1994 praefectus
1140 1943 1303 1975 tantum
1316 1933 1378 1975 ius
1397 1932 1440 1975 in
1450 1946 1522 1974 eos
1546 1927 1671 1974 habet
1683 1964 1694 1974 .
1711 1930 1830 1974 Arcis
1883 1942 2064 1984 raeterea‚
2076 1946 2183 1974 πια-

531 1999 651 2041 nium
675 1991 975 2059 pmrarumiiue
996 2011 1094 2040 cura
1117 1994 1312 2060 praefedm
1332 1994 1391 2040 est
1410 1993 1658 2041 demandata
1669 2029 1682 2050 ‚
1694 1945 1962 2058 vetstigalium
1986 1998 2112 2040 etiam
2132 2011 2183 2040 ac

531 2061 749 2107 redituum
771 2062 967 2105 omnium
992 2075 1085 2106 tum
1096 2059 1205 2106 vrbis
1217 2096 1230 2116 ,
1244 2074 1334 2106 tum
1346 2077 1369 2106 a
1420 2063 1434 2106 i
1454 2062 1582 2107 totius
1593 2094 1604 2105 .
1614 2074 1758 2126 praeter
1768 2057 1846 2105 hos
1860 2059 2040 2125 quaestor
2060 2076 2181 2116 vnus,

533 2142 605 2172 aut
617 2122 789 2171 duo.hic
800 2125 1057 2188 magistratus
1081 2131 1300 2190 pecuniam
1344 2077 1528 2172 uffiicam
1539 2125 1792 2172 administrat
1802 2158 1817 2178 ‚
1826 2125 2030 2191 impendit
2044 2132 2085 2171 &
2098 2129 2181 2171 exi-

533 2186 819 2256 ginhabetc'lue
828 2190 991 2236 codices
1006 2194 1215 2237 rationum
1227 2192 1314 2256 pub
1334 2192 1458 2238 icarfi.
1468 2189 1572 2239 nihil
1584 2207 1722 2237 tamen
1732 2188 1815 2238 fere
1825 2194 1910 2254 agit
1918 2187 1992 2236 nifi
2004 2208 2052 2236 ex
2062 2208 2181 2236 man-

534 2259 637 2304 dato
651 2256 893 2322 praefe&i.ac
906 2256 1115 2302 interdum
1125 2262 1232 2303 vti-iu
1238 2256 1350 2322 sque,
1361 2254 1512 2303 scilicet
1522 2260 1704 2323 praetoris
1720 2266 1762 2302 δε
1776 2254 1954 2321 praefeffl
1966 2292 1977 2303 .
2000 2258 2056 2302 Ea
2066 2260 2180 2302 enim

535 2326 643 2369 ratio
665 2320 963 2367 administridae
974 2319 1115 2367 vtilior
1125 2318 1209 2368 vifi
1221 2322 1290 2378 est,
1304 2322 1434 2387 quim
1446 2320 1476 2367 si
1488 2340 1608 2388 penes
1622 2321 1804 2368 eundem
1814 2322 1910 2368 effer
1923 2329 1966 2368 δι
1980 2325 2179 2368 autoritas

538 2397 583 2435 δε
595 2386 895 2434 administratio
907 2391 1029 2446 aerarij
1041 2423 1053 2433 .
1067 2385 1225 2434 facilius
1238 2404 1422 2453 namque
1432 2385 1572 2435 liceret
1580 2405 1652 2454 per
1660 2386 1848 2434 fraudem
1862 2391 2046 2434 aerarium
2054 2404 2180 2453 pecu-

537 2451 611 2500 lari
625 2490 633 2500 .
649 2452 691 2499 id
705 2469 804 2497 veto
817 2455 999 2517 pecuniae
1009 2452 1129 2516 quod
1149 2451 1358 2519 reliquum
1370 2453 1492 2500 fuerit
1500 2453 1552 2499 ab
1570 2450 1788 2519 impensis,
1798 2456 1992 2500 venetias
2004 2452 2058 2499 ad,
2068 2469 2179 2518 quaea-

537 2519 667 2566 stores
678 2517 857 2563 urbanos
871 2517 1117 2574 defertur,ad
1129 2535 1238 2584 quos
1252 2534 1296 2564 vt
1308 2518 1424 2584 supri
1436 2518 1612 2566 diximus
1624 2518 1720 2566 vadi
1756 2537 1806 2565 ue
1816 2522 1998 2584 pecuniae
2006 2516 2179 2582 publicae

539 2584 819 2632 conferuntur.
841 2587 1027 2642 Qrtus
1040 2588 1165 2649 quiin
1177 2601 1426 2650 vnaquaque
1436 2585 1600 2631 vrbium
1612 2538 1894 2649 magillratum
1910 2584 2110 2641 obtineat,
2120 2584 2179 2630 est

540 2651 677 2697 custos
689 2646 961 2695 arciumalibi
974 2647 1189 2703 vnus‚alibi
1204 2647 1336 2714 plures
1350 2647 1584 2715 sunt:hi<‘1ue
1594 2649 1794 2696 militibus
1810 2647 2020 2715 praesident
2030 2654 2104 2714 qui
2114 2667 2179 2696 ar-

541 2732 634 2762 cem
645 2712 1053 2778 tuentur,curamc‘1ue
1065 2713 1217 2761 habent
1230 2724 1782 2772 armorum‚commeatus,&
1792 2717 2070 2762 tonne'torum
2084 2732 2177 2780 qua:

539 2781 593 2829 ad
606 2784 885 2826 munitionem
899 2795 1043 2826 contra
1053 2778 1189 2826 hostes
1201 2785 1244 2826 in
1256 2798 1346 2827 arce
1359 2780 1490 2846 posita
1510 2781 1602 2828 sunt
1614 2819 1622 2828 .
1634 2799 1728 2846 neq,
1740 2782 1852 2828 tame
1862 2782 1996 2828 custos
2014 2784 2068 2826 ita
2078 2798 2178 2846 prae-

541 2846 599 2893 est
611 2849 693 2892 arci
703 2879 717 2902 ,
728 2850 829 2910 quin
843 2843 1020 2910 praefeclki
1031 2850 1207 2911 imperio
1219 2843 1424 2892 subieokus
1438 2844 1508 2893 fit:
1524 2852 1590 2894 cui
1602 2847 1728 2911 quide
1740 2863 1868 2892 omne
1880 2850 1940 2892 ius
1954 2842 2177 2911 omnisQue

539 2911 717 2979 potestas
731 2914 772 2957 in
783 2909 904 2956 huius
916 2916 1071 2975 generis
1085 2912 1204 2958 rebus
1218 2911 1407 2958 curandis
1420 2912 1623 2959 tributum
1636 2913 1754 2959 est.1n
1766 2911 1996 2959 minoribus
2008 2930 2110 2959 vero
2120 2915 2178 2957 ci-

541 2975 741 3024 uitatibus
756 2974 821 3022 seu
837 2976 1004 3022 vrbibus
1020 2975 1154 3023 nullus
1167 2978 1225 3024 est
1236 2975 1446 3043 praestitus
1456 3013 1469 3034 ,
1481 2979 1546 3025 sed
1560 2994 1708 3044 ptaetor
1716 2978 1854 3024 vtrius
1874 2994 1924 3023 ue
1934 2993 2066 3043 partes
2077 2981 2173 3043 agit.

542 3048 587 3090 in
597 3041 759 3108 oppidis
773 3059 948 3108 quoque
961 3059 1051 3106 quae
1061 3047 1102 3088 in
1115 3048 1221 3107 agris
1234 3048 1444 3090 maiorum
1457 3044 1623 3090 vrbium
1634 3042 1834 3109 frequfitia
1842 2994 1948 3100 punt,
1956 3041 2066 3089 solus
2077 3059 2176 3108 prae-

543 3125 612 3156 tor
620 3109 676 3154 est
689 3112 761 3174 qui
773 3112 835 3154 ius
847 3108 1063 3174 oppidanis
1076 3107 1197 3165 dicat,
1211 3107 1346 3156 nullus
1360 3124 1550 3174 ptaeterea
1560 3110 1814 3175 magistratus
1826 3143 1834 3155 .
1846 3126 1944 3156 nam
1955 3109 2174 3174 quaestores

2024 3192 2072 3223 ac
2079 3192 2176 3241 prae-
