2455 3671
380 279 490 352 188

638 265 767 334 DE
811 260 1474 334 IMMORTAL·
1549 258 2007 331 ANIMAE

507 367 579 419 illa
599 368 815 419 vniuersali
833 369 1111 436 cognoscente
1129 406 1140 417 .
1155 373 1302 428 Qare
1320 367 1478 416 necesse
1497 367 1556 416 est
1574 366 1703 418 illlam
1712 373 1912 418 vittutem
1932 386 2006 437 per
2022 366 2153 418 seeffe
2184 389 2220 438 Ε

507 442 554 485 in
573 440 669 485 adiu
692 435 776 484 sine
796 439 984 503 corporis
995 438 1218 484 mixtione.
1243 433 1345 484 Alio
1366 438 1493 483 etiam
1502 434 1641 483 modo
1662 434 1748 484 hoc
1764 435 1882 484 idem
1904 435 2057 483 deduci
2080 452 2154 503 po-

508 503 609 551 test.
637 507 790 550 Forma
809 499 1077 568 intelligibilis
1099 503 1157 549 est
1176 506 1221 549 in
1247 505 1399 550 virtute
1420 498 1492 548 illa
1511 501 1742 550 secundum
1774 501 1854 550 effe
1884 501 2153 549 abstrafmmt

508 573 625 635 Ergo
648 572 777 616 etiam
795 584 843 616 ea
863 572 991 616 virtus
1014 566 1139 616 habet
1160 569 1241 616 effe
1262 567 1535 616 abstrastumz
1550 567 1669 631 quod
1694 565 1726 615 fi
1752 570 1877 616 fuerit
1896 603 1911 627 ,
1933 584 2037 633 ergo
2054 566 2157 615 affe-

509 638 599 683 &io
620 638 823 693 matetiae‚
847 651 939 701 quae
958 635 1016 682 est
1035 632 1105 681 hic
1127 642 1171 682 &
1195 650 1309 682 nunc
1327 670 1342 692 ,
1360 650 1448 680 non
1472 638 1667 699 pertingit
1686 633 1741 682 ad
1759 635 1893 701 ipsam
1913 670 1926 682 .
1949 637 2089 700 Ergo.
2108 649 2158 683 vt

508 701 783 768 probauimus
801 699 1061 766 superius,in
1080 700 1159 747 effe
1179 717 1268 748 non
1289 698 1494 767 dependet
1516 697 1540 746 ai
1559 703 1757 758 materia,
1779 716 1908 766 quare
1929 716 2001 766 per
2021 700 2062 746 se
2081 700 2152 748 est.

511 763 797 815 Efficaciffima
817 769 945 831 igitur
971 769 1133 814 ratione
1153 765 1364 814 ostensum
1386 766 1444 813 est
1463 801 1477 823 ,
1498 764 1619 832 quod
1640 770 1772 814 virtus
1794 764 2156 832 comprehendens

510 834 632 900 quod
645 832 747 899 quid
760 831 871 879 est&
892 828 1117 880 vniuersale
1131 868 1145 890 ,
1157 830 1281 898 perse
1310 831 1407 880 stat.
1423 834 1584 897 Exquo
1604 826 1788 897 sequitur
1808 828 1930 898 quod
1940 834 2069 880 virtus
2082 849 2158 879 co-

510 899 714 965 gnoscens
726 902 873 946 omnia
883 894 1272 964 persefit.Secund2
1280 901 1386 946 ratio
1432 902 1500 945 uia
1520 896 1722 965 probatur
1744 902 1882 946 maior
1898 894 2008 945 illius
2032 901 2159 964 primi

508 964 763 1031 syllogismi,
775 960 927 1011 scilicet
939 963 1058 1030 quod
1075 962 1213 1011 forma
1224 914 1590 1030 comprezendens
1612 967 1758 1012 omnia
1768 979 1840 1031 per
1860 961 1900 1010 se
1916 962 2016 1018 stat,
2028 967 2158 1011 virtus

510 1028 871 1097 comprehendens
883 1028 1363 1096 omnia,comprehendit
1372 1033 1519 1076 omnia
1530 1046 1686 1095 organa
1697 1047 1750 1077 co
1832 1046 1899 1076 rea
1911 1065 1921 1076 .
1937 1027 2017 1076 Sed
2027 1033 2156 1077 virtus
2184 1045 2214 1088 1:

511 1093 872 1162 comprehendens
885 1099 1033 1142 omnia
1049 1112 1206 1161 organa
1215 1112 1521 1162 corporegnon
1534 1095 1590 1142 est
1600 1099 1732 1143 mixta
1741 1047 1865 1142 affui
1877 1111 2162 1161 organo‚qua-

508 1180 554 1210 re
575 1179 648 1229 per
662 1161 703 1208 se
727 1162 807 1208 est:
821 1177 923 1226 ergo
935 1165 1063 1208 virtus
1085 1159 1445 1228 comprehendens
1458 1166 1608 1209 omnia
1618 1178 1690 1228 per
1702 1162 1740 1208 se
1752 1161 1832 1214 est.
1845 1169 1887 1209 δι
1900 1160 1988 1208 haec
2001 1161 2059 1208 est
2069 1177 2160 1208 ma-

508 1232 579 1275 ior
603 1231 726 1295 primi
736 1224 1139 1292 syllogismi-Huius
1153 1231 1324 1275 tationis
1334 1231 1479 1275 minor
1500 1228 1558 1274 est
1606 1245 1651 1274 er
1664 1226 1702 1274 se
1712 1232 1988 1274 notatmaior
2008 1227 2161 1294 proba-

510 1297 711 1361 tut;quia
727 1310 959 1358 organum,
979 1310 1069 1360 quo
1083 1291 1223 1360 aliqua
1244 1296 1372 1341 virtus
1394 1293 1448 1340 de
1466 1244 1698 1341 neceffitate
1720 1298 1869 1342 vritur.
1882 1297 1926 1340 in
1936 1291 2008 1340 sua
2018 1309 2160 1360 opera-

510 1364 651 1418 tione,
672 1360 831 1426 semper
851 1359 909 1406 est
933 1358 1123 1406 medium
1145 1363 1251 1406 inter
1272 1359 1636 1417 obiestum,eirca
1659 1359 1780 1426 quod
1800 1363 1931 1408 virtus
1948 1374 2158 1426 operatur,

513 1433 557 1473 δι
580 1430 592 1472 i
625 1427 709 1472 sam
735 1429 933 1472 virtutem
948 1461 958 1472 .
974 1429 1120 1484 Qare
1131 1422 1386 1492 impoffibile
1408 1426 1466 1472 est
1486 1442 1580 1472 eam
1600 1428 1801 1472 virtutem
1822 1428 1930 1472 circa
1950 1441 2160 1490 organum

509 1443 621 1538 iuml,
641 1494 803 1602 oferari
822 1514 835 1547 3
857 1490 974 1538 verbi
992 1488 1191 1556 gratia,fi
1211 1494 1256 1537 in
1280 1489 1500 1538 scribendo
1530 1490 1770 1538 neceffatius
1792 1491 1850 1538 est
1870 1488 2054 1538 calamus
2076 1494 2158 1536 im·

509 1554 659 1624 poffibi
679 1574 701 1602 e
723 1556 817 1603 effet
839 1560 1039 1603 virtutem
1059 1553 1177 1603 illam
1197 1590 1211 1611 ,
1234 1560 1302 1603 cui
1320 1574 1503 1604 annexus
1528 1557 1624 1603 ess'et
1652 1555 1836 1604 calamus
1856 1556 2030 1604 scribere
2051 1559 2160 1603 circa

509 1620 632 1669 ilium
654 1619 889 1674 calamum.
903 1629 946 1669 δε
971 1619 1028 1668 fic
1051 1625 1093 1668 in
1117 1619 1203 1669 allis
1216 1655 1232 1676 ,
1251 1639 1322 1689 pet
1342 1622 1634 1669 induffionem
1656 1621 1920 1670 manifestum
1932 1622 2161 1688 est.quam-

512 1688 665 1735 obrem
683 1692 810 1735 virtus
830 1723 845 1745 ,
868 1704 961 1754 quae
981 1685 1174 1753 intelligit
1196 1696 1239 1735 &
1252 1686 1572 1755 comprehendit
1592 1692 1740 1736 omnia
1760 1705 1916 1754 organa
1942 1704 2160 1754 corporea,

510 1758 554 1801 in
567 1753 625 1800 sui
636 1758 877 1820 operatione
889 1770 977 1800 non
991 1758 1119 1800 vritur
1131 1770 1293 1818 organo
1305 1771 1512 1820 corporeo
1522 1778 1534 1811 ς
1546 1771 1636 1820 quo
1648 1754 1696 1801 fit
1706 1769 1750 1802 vt
1759 1758 1886 1801 etiarn
1896 1758 1940 1800 in
1963 1755 2040 1800 esse
2053 1760 2159 1799 mix·
2183 1772 2229 1817 G

510 1835 553 1866 ta
575 1837 663 1866 non
683 1817 733 1866 fit
755 1835 919 1884 organo
943 1836 1151 1884 corporeo
1164 1838 1174 1864 :
1187 1835 1250 1866 res
1261 1823 1373 1866 enim
1396 1836 1484 1866 non
1508 1820 1644 1886 potest
1666 1823 1828 1887 operari
1848 1816 1923 1866 nifi
1944 1836 1998 1866 eo
2020 1820 2158 1865 modo

511 1903 603 1952 quo
633 1885 689 1931 est
707 1910 719 1942 3
741 1885 923 1950 sequitur
947 1902 1047 1949 ergo
1069 1884 1191 1950 quod
1217 1902 1290 1951 per
1308 1884 1348 1931 se
1370 1883 1444 1932 fit.
1468 1890 1614 1949 Qre
1636 1886 1812 1951 probata
1830 1889 1991 1931 maiore
2012 1885 2160 1930 nostrae

511 1955 683 1998 rationis
709 1947 747 1996 se
783 1954 893 1997 uitur
917 1951 1054 1996 nostra
1075 1948 1420 2017 conclufio‚quae
1440 1956 1526 1997 e'rat
1548 1955 1684 1997 maior
1703 1949 1810 1997 illius
1823 1955 1948 2017 primi
1970 1948 2160 2015 syllogisl-

509 2020 599 2073 mi,
613 2015 733 2080 quod
769 2013 903 2063 cilicet
926 2013 1067 2062 forma
1087 2012 1448 2082 comprehendens
1470 2020 1616 2062 omnia
1638 2033 1710 2082 per
1729 2015 1770 2063 se
1790 2016 1862 2063 fit.
1887 2019 2032 2063 Tertia
2051 2021 2158 2062 ratio

512 2099 597 2148 qua
627 2080 826 2147 probatur
848 2079 993 2128 eadem
1005 2086 1157 2128 maior:
1179 2086 1306 2129 virtus
1330 2080 1688 2148 comprehendens
1702 2081 2034 2147 omniastipsam
2046 2098 2162 2128 com·

509 2145 731 2212 prehendit
745 2154 789 2193 δε
811 2146 899 2193 suas
921 2152 1183 2214 operationes
1207 2149 1441 2195 intrinsecas
1462 2171 1474 2204 ·,
1495 2146 1566 2194 sed
1590 2145 1701 2194 nulla
1724 2152 1853 2194 virtus
1884 2163 1983 2194 corn
2014 2145 2162 2193 rehen-

512 2213 613 2259 dens
639 2210 807 2278 seipsam
819 2217 947 2260 vritur
968 2230 1131 2278 organo
1153 2211 1300 2279 aliquo
1320 2250 1334 2270 ,
1356 2217 1456 2280 quia
1473 2213 1634 2279 scmper
1654 2230 1704 2260 or
1734 2230 1862 2260 anum
1886 2211 1964 2276 (vt
2004 2217 2158 2258 iximus

511 2294 581 2345 per
595 2278 665 2324 ind
671 2281 887 2325 notionem
901 2277 977 2324 effe
989 2278 1274 2338 manifestum)
1286 2280 1342 2326 est
1354 2278 1546 2326 medium
1558 2283 1664 2326 inter
1673 2230 1906 2335 ofiiestum,
1920 2283 2025 2324 circa
2036 2277 2158 2344 quod

512 2362 541 2390 ο
573 2360 707 2390 eratur
727 2347 857 2391 virtus
877 2379 891 2401 ,
917 2351 959 2392 δε
983 2343 1113 2410 ipsam
1135 2350 1334 2392 virtutem
1348 2348 1482 2410 ‚Ergo
1494 2348 1622 2392 virtus
1646 2345 1899 2411 cognoscens
1912 2346 2058 2391 omnia
2068 2360 2160 2390 non

511 2361 569 2456 elz
595 2414 721 2457 virtus
735 2413 949 2474 organica:
979 2427 1107 2476 quare
1125 2415 1169 2459 in
1189 2410 1268 2456 effe
1290 2428 1377 2456 non
1398 2410 1450 2457 de
1478 2409 1604 2457 endet
1634 2409 1688 2456 ab
1714 2426 1876 2476 organo
1897 2407 2042 2474 aliquo
2064 2426 2160 2456 cor·

510 2492 670 2541 poteo.
697 2479 761 2521 Or
791 2491 918 2522 anum
943 2493 1126 2542 namque
1145 2480 1422 2543 corporeum'
1458 2475 1538 2530 ud,
1562 2474 1690 2541 :ique
1708 2480 1752 2522 in
1775 2478 1853 2523 eise
1880 2474 2154 2541 dependeret,
2185 2490 2236 2536 H

512 2542 609 2588 effet
631 2492 847 2588 munifice
875 2540 1113 2588 admixtum
1135 2538 1242 2608 ipss,
1268 2558 1397 2607 quare
1416 2538 1502 2587 fine
1524 2543 1614 2606 ipso
1638 2545 1798 2606 operari
1818 2558 1906 2589 non
1926 2538 2080 2606 poss'et:
2100 2539 2160 2587 se-

545 2610 655 2653 uitur
675 2603 775 2672 ergo
795 2606 915 2671 quod
969 2625 1011 2654 er
1031 2607 1071 2653 se
1091 2605 1163 2656 fit.
1189 2612 1354 2668 Qrta
1368 2612 1498 2664 ratio,
1520 2624 1604 2673 qua
1626 2607 1772 2654 eadem
1803 2610 1940 2652 maior
1956 2605 2160 2672 probatur

510 2623 617 2719 inllius
643 2675 767 2738 primi
780 2625 1005 2736 syllogiil'ni
1028 2692 1039 2718 ι
1061 2677 1190 2720 virtus
1217 2674 1474 2738 cognoscens¹
1496 2676 1642 2720 omnia
1662 2672 1880 2740 cognoscit
1900 2687 2048 2718 omnes
2070 2671 2160 2719 for-

510 2755 599 2784 mas
633 2736 863 2784 materiales
891 2757 903 2784 ,:
927 2737 994 2784 sed
1015 2736 1157 2785 forma
1178 2736 1538 2804 comprehendens
1560 2755 1710 2785 omnes
1744 2736 1902 2784 formas
1926 2734 2156 2784 materiales

510 2821 601 2850 non
623 2803 759 2868 potest
773 2802 849 2849 effe
871 2807 913 2849 in
933 2820 1083 2868 genere
1099 2803 1334 2851 ,fonnarum
1348 2802 1624 2852 materialium
1634 2840 1648 2861 ,
1663 2812 1706 2850 δε
1718 2808 1944 2851 mixtarum
1964 2806 2160 2860 materiae,

512 2886 613 2934 ergo
647 2866 785 2915 forma
817 2869 1071 2934 cognoscens
1107 2874 1252 2917 omnia
1284 2888 1372 2916 non
1406 2871 1464 2917 est
1486 2875 1618 2918 mixta
1636 2873 1816 2917 matetiae
1838 2890 1848 2915 :
1872 2868 2158 2936 quamobrem

510 2951 583 3001 per
595 2932 633 2980 se
643 2934 701 2980 est
713 2970 723 2980 .
738 2937 885 2981 Minor
907 2935 965 2982 est
977 2933 1213 2994 manifesta,
1230 2940 1364 2983 maior
1374 2936 1600 3003 probatur,
1620 2940 1718 3003 quia
1738 2939 1934 3001 recipiens
1946 2936 2006 2982 est
2026 2934 2160 2982 denu-

511 2999 657 3047 datum
671 2998 695 3045 3.
717 3014 862 3047 natura
883 3005 941 3048 rei
955 3017 1123 3068 recepta:
1145 3021 1157 3048 :
1181 3019 1270 3049 non
1292 3006 1404 3050 enim
1436 3005 1580 3068 recipit
1600 3001 1676 3049 nifi
1698 3017 1900 3068 quatenus
1932 3000 1990 3048 est
2012 3006 2057 3046 in
2078 3016 2158 3066 po-

511 3070 639 3113 tentia
659 3065 711 3112 ad
739 3078 927 3114 naturam
936 3071 995 3113 rei
1017 3083 1207 3134 receptae-:
1221 3085 1350 3134 quare
1361 3072 1456 3116 astu
1470 3067 1694 3118 secundum
1708 3067 1916 3115 effentiam
1928 3064 2014 3112 fiu'e
2032 3080 2158 3113 natu-

510 3147 603 3179 ram
623 3131 739 3179 suam
761 3149 851 3179 non
873 3132 982 3180 estin
995 3150 1142 3198 genere
1152 3138 1209 3182 rei
1219 3150 1416 3201 receptae.
1430 3138 1534 3184 Hoc
1544 3150 1688 3183 autem
1704 3150 1850 3203 praetet
1872 3136 2078 3182 tationem
2092 3132 2156 3178 est

1878 3196 2146 3248 manifestum
