2455 3671
399 272 493 344 86

860 256 1020 334 DE
1083 256 1806 335 ELEMENTIS

525 373 622 423 sunt
634 390 711 442 pto
723 371 888 424 diuerso
898 372 1029 440 gradu
1041 375 1260 439 opacitatis
1275 368 1530 440 luminisque
1539 367 1648 419 illius
1657 367 1792 421 veluti
1801 372 1972 421 extinffl
1989 376 2035 422 in
2044 376 2169 441 nigro
2199 406 2231 451 F

526 440 594 490 vel
615 445 745 488 etiam
756 443 880 508 copia
892 448 937 488 &
955 442 1185 506 quantitate
1203 436 1404 487 luminosi
1425 441 1614 505 corporis
1635 439 1841 486 existentis
1849 441 1894 486 in
1904 436 2005 487 albo
2015 457 2172 509 corpo-

524 525 571 555 re
582 541 593 552 .
606 523 773 574 nanque
782 509 999 574 opacitatis
1011 502 1189 553 intensio
1209 499 1458 562 remiffic'we,
1468 502 1652 552 eiusdem
1686 522 1739 552 ue
1756 502 1994 572 amplitudo
2004 522 2078 554 aut
2088 511 2172 554 exi-

524 578 663 639 guitas
683 569 840 620 coloris
861 576 968 637 nigri
983 570 1137 619 modos
1160 574 1346 618 euariant
1360 606 1371 618 .
1384 568 1530 618 contra
1550 574 1592 618 in
1604 521 1752 618 εοῗοιτ
1769 569 1870 618 albo
1882 575 2006 639 copia
2024 569 2090 620 vel
2108 577 2172 620 in-

525 634 662 686 tensio
682 641 859 704 vigentis
879 636 1072 695 luminis,
1091 651 1165 684 aut
1187 634 1333 685 contri
1351 639 1534 704 paucitas
1546 632 1780 684 remiffibve
1791 670 1806 692 ,
1818 633 1886 684 stu
1899 641 2020 704 copia
2030 642 2172 705 pauci-

527 702 671 772 u'tique
682 708 804 771 opaci
812 701 976 751 lumine
984 700 1061 751 illo
1075 700 1261 750 illustrati
1272 738 1286 760 ,
1298 706 1433 750 varios
1448 699 1578 769 longe
1610 719 1662 750 ue
1682 699 1868 751 diuersos
1885 699 2042 750 ficiunt
2058 701 2172 752 albe-

524 769 817 819 dinismodoS.
851 766 1093 828 Aristoteles
1105 772 1150 816 in
1161 766 1366 836 opustulo
1378 769 1432 817 de
1447 720 1662 816 coloribus
1682 767 1822 835 ,quod
1834 772 1920 816 eius
1932 772 2096 818 nomini
2108 774 2174 818 in-

523 835 723 903 scriptum
735 835 788 884 ad
800 853 879 883 nos
890 838 1077 903 peruenit
1087 870 1101 893 ,
1112 834 1300 883 attribuit
1313 833 1502 883 colorem
1512 832 1658 882 album
1667 833 2086 902 aetkaquaesttemque
2096 851 2172 884 ter·

521 906 737 968 raezignem
747 897 850 951 verb
864 909 907 949 &
919 898 1051 949 solem
1061 901 1225 949 flauum
1236 899 1540 967 ficit.Nigrum
1550 896 1650 948 veto
1661 898 1851 948 colorem
1862 902 2049 949 attribuit
2060 919 2082 949 a
2116 920 2170 962 ue

523 983 597 1015 aut
616 985 757 1034 aquen
781 970 951 1034 vapori,
973 962 1075 1016 cum
1095 964 1274 1016 ficcescit
1284 1002 1298 1022 ,
1308 964 1374 1015 vel
1392 971 1434 1015 vi
1454 970 1561 1033 ignis
1580 1002 1594 1025 ,
1615 965 1682 1015 vel
1702 972 1828 1015 etiam
1850 965 1996 1015 stnfim
2014 971 2056 1016 vi
2074 919 2170 1016 ἐστὶ

522 1031 730 1081 alten-antis
747 1042 790 1081 δε
803 1037 998 1082 exicantis
1011 1069 1022 1081 .
1036 1033 1163 1082 Vnde
1171 1038 1213 1080 in
1223 1038 1461 1080 mutatione
1482 1033 1667 1099 quadarn
1676 1050 1700 1080 a
1734 1049 1796 1080 uae
1802 1033 1856 1081 ad
1866 1032 2090 1081 siccitatem
2102 1052 2172 1082 co*
2196 1059 2228 1103 F

521 1096 569 1152 lo
575 1116 663 1146 rem
674 1103 845 1165 nigrum
856 1096 1076 1146 confistere
1086 1098 1201 1147 dicit.
1215 1096 1314 1146 hinc
1326 1098 1415 1146 fieri
1426 1098 1618 1166 praedicat
1626 1134 1640 1156 ,
1654 1098 1774 1166 quod
1786 1104 1830 1146 in
1840 1104 1972 1166 puteis
2012 1104 2170 1158 arietes,

523 1170 601 1232 qui
613 1165 687 1212 sub
698 1182 807 1231 aqua
817 1164 1187 1231 sunt,nigredinem
1197 1162 1584 1213 contrahunt.Hinc
1594 1162 1736 1212 fumus
1751 1162 1966 1230 lignorum
2008 1165 2172 1213 umido-

521 1231 575 1282 ni
585 1245 671 1277 ater
683 1229 963 1288 ent-,carbones
982 1235 1081 1288 ;atti
1093 1230 1135 1278 su
1141 1246 1187 1278 nt
1195 1229 1321 1278 fumo
1334 1229 1484 1278 scilicet
1496 1228 1570 1278 illo
1588 1227 1770 1278 craffioti
1782 1239 1826 1278 δε
1837 1249 1978 1298 aqueo
1990 1235 2168 1279 intinffl.

526 1295 665 1355 Qi,fi
678 1312 899 1344 exurantur
909 1249 1005 1344 εόἳῖ]
1011 1313 1131 1364 mpto
1143 1314 1300 1363 vapore
1310 1314 1364 1344 eo
1374 1301 1497 1362 nigro
1508 1295 1678 1344 resoluti
1686 1301 1730 1344 in
1742 1293 2102 1355 cinerE‚tedet“1?ad
2114 1295 2174 1344 al-

523 1362 722 1410 bedinem
733 1386 746 1420 3
759 1366 953 1429 quamuis
965 1366 1065 1410 cinis
1076 1360 1236 1429 aliquid
1254 1361 1393 1411 adhuc
1404 1366 1574 1410 retineat
1583 1359 1692 1410 illius
1704 1365 1892 1410 tineiutae
1902 1398 1915 1418 ‚
1926 1380 1973 1410 ac
1984 1378 2174 1430 propter-

523 1446 572 1476 ea
583 1425 633 1475 fit
645 1426 819 1494 pallidus
833 1465 843 1476 .
859 1433 971 1489 Qae
981 1426 1013 1475 fi
1023 1434 1205 1479 omnino
1215 1433 1260 1476 vi
1278 1433 1382 1495 ignis
1396 1428 1644 1496 consumpta
1654 1425 1778 1476 fuerit
1788 1463 1804 1482 ‚
1813 1444 1859 1477 vt
1870 1433 1914 1476 in
1924 1427 2038 1476 calce
2048 1465 2061 1484 ,
2070 1446 2174 1476 tune

523 1493 777 1560 conspicitur
796 1511 923 1561 putus
943 1498 1111 1542 nitor&
1133 1494 1315 1542 candor.
1328 1498 1454 1542 Hanc
1464 1493 1615 1542 summi
1664 1492 1876 1560 hilosophi
1888 1495 2128 1542 sententiam
2140 1492 2172 1542 fi

523 1560 584 1608 im
615 1560 761 1607 robare
784 1560 982 1608 auderem
993 1595 1007 1617 ,
1015 1564 1103 1607 iure
1123 1556 1268 1609 habeti
1288 1558 1450 1626 poffem
1472 1561 1617 1608 audac'
1651 1577 1762 1607 imus
1776 1596 1786 1608 .
1808 1560 2010 1608 Adferam
2032 1574 2174 1608 tamen

523 1578 805 1674 dubitationes
828 1643 893 1673 eas
902 1661 916 1680 ‚
926 1642 1020 1692 quae
1039 1642 1109 1673 me
1129 1623 1346 1692 aliquanto
1358 1630 1490 1676 actius
1512 1643 1680 1692 vrgent;
1692 1622 1842 1692 eisque
1858 1643 1982 1693 ,quas
2004 1642 2170 1692 potero,

521 1690 685 1739 soluam
700 1688 818 1743 ‚alias
840 1687 941 1739 veto
963 1691 1221 1756 peritioribus
1246 1690 1464 1739 soluendas
1484 1690 1718 1758 relinquam
1728 1725 1738 1737 .
1758 1691 1806 1739 Id
1816 1726 1830 1750 ,
1841 1692 1963 1758 quod
1983 1696 2172 1759 primum

521 1755 767 1804 Aristoteles
779 1755 904 1814 dicit,
917 1758 1056 1804 aetem
1077 1755 1231 1805 scilicet
1246 1764 1288 1803 δε
1310 1774 1462 1823 aquarn
1476 1758 1554 1804 effe
1574 1756 1730 1804 coloris
1748 1757 1914 1805 candidi
1934 1755 1996 1806 sui
2014 1772 2172 1816 natm-23
2195 1788 2237 1833 G

521 1842 613 1870 non
625 1822 791 1870 videtur
801 1822 1039 1870 admodum
1051 1820 1316 1889 exploratum
1326 1822 1418 1870 esse.
1428 1826 1544 1870 Nam
1558 1821 1588 1870 fi
1598 1828 1724 1870 aet&
1735 1839 1846 1889 aqua
1854 1825 1916 1870 [ui
1926 1838 2070 1871 natura
2080 1822 2172 1872 sunt

523 1888 619 1936 alba
639 1905 839 1955 corpora;
853 1905 955 1954 ergo
967 1892 1093 1936 etiarn
1107 1889 1322 1935 suinatura
1342 1885 1550 1935 luminofit
1570 1889 1662 1936 sunt
1673 1905 1852 1955 corpora
1868 1906 1882 1934 .-
1898 1887 2086 1955 quinam
2120 1905 2172 1936 ue

521 1954 611 2002 fieri
626 1955 761 2021 potest
773 1990 787 2008 ,
795 1971 841 2002 vt
853 1952 902 2001 fit
913 1951 1037 2001 color
1047 1951 1250 2020 quispiam
1260 1990 1276 2011 ,
1286 1971 1334 2001 ae
1346 1955 1565 2019 praesertim
1576 1953 1694 2002 albus
1706 1953 1790 2001 fine
1800 1951 1972 2009 iumine,
1982 1951 2072 2001 imo
2086 1906 2172 2002 plne

525 2024 649 2086 copia
671 2018 837 2068 luminis
855 2016 1019 2084 ?Qd
1033 2017 1063 2067 fi
1077 2019 1163 2067 duo
1179 2038 1226 2067 ea
1248 2017 1452 2066 elementa
1462 2024 1696 2084 ingenitum
1716 2018 1858 2066 lumen
1880 2018 2098 2072 haberent.
2110 2024 2174 2066 ni-

521 2091 683 2134 mitum
695 2104 781 2133 non
793 2085 917 2133 effent
927 2085 1135 2152 diaphana
1153 2090 1197 2133 in
1209 2089 1395 2153 potentia
1406 2084 1570 2133 alterius
1584 2083 1736 2132 scilicet
1749 2086 1892 2150 indiga
1900 2083 2064 2132 luminis
2080 2083 2172 2133 ssed

523 2153 585 2200 sui
598 2167 743 2199 natura
755 2153 879 2198 effent
889 2154 984 2199 actu
999 2150 1203 2218 diaphana
1215 2189 1225 2200 .
1237 2149 1382 2201 lumen
1400 2157 1512 2200 enim
1526 2152 1584 2200 est
1594 2155 1710 2200 aistua
1720 2149 1916 2216 diaphani
1926 2187 1938 2208 ,
1950 2156 2020 2198 cui
2032 2166 2172 2198 tamen

520 2222 581 2265 rei
607 2216 741 2264 sensus
767 2217 1035 2267 contradicit.
1059 2215 1256 2277 Qlibet
1276 2221 1388 2264 enirn
1408 2216 1528 2266 facile
1548 2221 1752 2285 experitur
1770 2222 1926 2264 amotis
1942 2215 2170 2264 inminibus

523 2280 759 2349 exterisque
781 2282 901 2331 rebus
928 2279 1159 2330 lucentibus
1173 2319 1187 2338 ,
1199 2287 1336 2330 aetem
1358 2282 1623 2350 summopere
1644 2284 1733 2333 fieri
1752 2282 2056 2330 tenebricosum
2070 2302 2080 2327 :
2092 2299 2172 2328 nec

523 2354 665 2396 minus
679 2365 837 2414 aquam
847 2384 861 2405 ,
875 2346 991 2395 nullo
1011 2348 1173 2415 prorsus
1185 2365 1404 2414 apparente
1416 2348 1582 2396 luminis
1596 2350 1772 2413 vestigio
1782 2384 1792 2396 .
1813 2345 1974 2396 Contra
1984 2344 2086 2395 veto
2098 2346 2172 2395 ad-

523 2415 677 2462 struere
699 2410 933 2463 Aristotelis
957 2413 1199 2461 sententiam
1211 2413 1374 2460 videtur
1384 2414 1428 2460 id
1438 2450 1452 2471 ,
1466 2415 1584 2479 quod
1598 2418 1842 2481 experientia
1852 2432 1932 2462 nos
1942 2414 2069 2462 docet
2080 2438 2090 2471 ·,
2103 2418 2172 2460 ae·-

525 2498 615 2528 rem
628 2478 779 2528 scilicet
791 2495 861 2526 aut
873 2495 1029 2545 aquam
1042 2478 1109 2526 seu
1121 2496 1322 2545 vaporem
1334 2477 1564 2546 aqueum‚fi
1574 2478 1764 2527 densiora
1775 2477 1880 2526 facia
1896 2478 2064 2530 filerinn
2076 2496 2170 2525 con-
2200 2506 2250 2552 H

523 2542 645 2592 tinuo
660 2543 807 2591 referre
819 2542 1013 2591 colorem
1025 2544 1252 2592 candidum
1264 2578 1277 2598 ‚
1286 2561 1330 2591 vt
1342 2543 1604 2611 perspicuum
1616 2546 1674 2592 est
1684 2550 1726 2591 in
1740 2549 1834 2592 niue
1848 2554 1890 2592 δι
1902 2548 2172 2612 pruinaQs

524 2615 639 2658 enim
653 2610 805 2656 diceret
819 2614 887 2656 niu
893 2614 923 2656 is
937 2607 1175 2676 ptuinaet‘lue
1185 2610 1414 2656 candorem
1426 2608 1504 2657 effe
1514 2608 1536 2657 a
1548 2628 1726 2678 corpore
1736 2615 1864 2676 igneo
1874 2610 2033 2658 incluso
2045 2622 2058 2656 Ξ
2070 2608 2172 2658 cum

522 2682 595 2723 nix
608 2684 651 2723 δε
663 2680 809 2742 pruina
819 2693 1029 2740 cogantur
1049 2692 1121 2742 pet
1131 2672 1432 2742 expreffionern
1446 2680 1631 2742 corporis
1644 2675 1788 2733 calidi,
1800 2682 1842 2723 in
1854 2674 1992 2742 eisque
2009 2676 2174 2722 summa

523 2741 719 2789 sentiatur
741 2739 821 2789 effe
837 2738 1043 2806 frigiditas
1057 2752 1069 2786 Ξ
1091 2745 1248 2788 Iccirco
1268 2757 1474 2807 quantum
1496 2747 1670 2808 pertinet
1690 2743 1742 2790 ad
1754 2740 1862 2788 hanc
1884 2742 2172 2808 quaestionem,

523 2807 691 2855 fortass‘e
715 2824 801 2853 non
819 2804 957 2873 inepte
977 2806 1115 2853 dicere
1135 2805 1344 2872 possemus
1356 2812 1402 2853 in
1418 2813 1510 2854 aere
1523 2816 1566 2854 δε
1578 2824 1688 2873 aqua
1700 2806 1920 2874 quoddam
1940 2805 2082 2854 lumen
2094 2808 2174 2854 effe

523 2870 777 2921 inchoatum
791 2890 800 2917 :
815 2868 1041 2938 potiusque
1051 2876 1093 2918 in
1103 2876 1197 2918 aete
1209 2869 1340 2938 quarn
1352 2875 1394 2920 in
1406 2889 1514 2939 aqua
1524 2908 1536 2927 ,
1548 2888 1696 2938 vtpote
1706 2876 1782 2940 qui
1796 2878 1928 2938 tnagis
1939 2871 2106 2920 accedat
2118 2872 2172 2922 ad

523 2937 829 3006 perfectionem
851 2941 957 3003 ignis
967 2937 1099 3003 quim
1117 2954 1227 3003 aqua
1240 2956 1250 2983 :
1263 2954 1352 2986 non
1364 2953 1504 2987 tamen
1524 2939 1634 2985 adeo
1654 2954 1862 3003 magnum
1882 2937 1940 2984 est
1948 2974 1962 2995 ‚
1974 2952 2020 2985 vt
2042 2934 2171 3006 perfe-

527 3007 647 3051 &um
669 3005 717 3050 fit
741 3004 881 3050 lumen
894 2999 1113 3069 ‚amittisque
1125 3001 1322 3068 diaphani
1342 3004 1421 3050 effe
1432 3018 1556 3070 queat
1578 3030 1586 3055 ς
1606 3002 1672 3051 sed
1694 3003 1780 3051 haec
1790 3017 1932 3050 natura
1948 3008 1992 3050 in
2004 3018 2114 3068 aqua
2128 3010 2174 3050 διε

524 3075 618 3120 aete
637 3067 955 3120 inchoationem
967 3065 1131 3119 tantum
1141 3066 1311 3118 luminis
1322 3065 1422 3117 facit
1431 3105 1446 3128 ,
1456 3069 1500 3118 id
1512 3069 1592 3128 est,
1606 3068 1950 3136 diaphaneitatem
1960 3105 1974 3127 ,
1986 3084 2032 3118 vt
2042 3072 2100 3118 ita
2110 3068 2172 3116 di-

2062 3152 2172 3192 cam,
