2455 3671
881 267 1043 345 DE
1103 262 1829 344 ELEMENTIS

545 379 597 431 τὸ
609 380 809 450 quadrata
815 398 871 430 co
922 398 970 429 us
979 381 1141 429 cubum
1151 378 1339 428 efficiunt
1347 416 1361 438 ,
1373 375 1575 493 ιιιιΠΑςιυο
1584 376 1663 427 alia
1671 376 1945 445 figurasolida
1955 397 2005 427 ex
2015 377 2193 447 quadra·
2222 398 2256 444 Ε

547 453 598 498 tis
608 450 769 516 coponi
777 463 878 515 pote
915 485 926 496 .
938 451 1107 516 Corpus
1117 463 1263 496 autern
1271 445 1471 494 cubicum
1481 450 1513 494 P
1530 461 1603 493 ato
1614 461 1728 494 terrae
1737 446 2087 515 attribuitytpote
2099 465 2194 515 quae

545 513 699 564 stabilis
707 512 773 573 fit,
785 530 923 582 neque
934 514 995 562 ob
1005 514 1130 562 suum
1139 513 1307 581 pondus
1322 510 1441 560 facile
1451 513 1663 561 dimoueri
1675 509 1799 579 possit
1809 551 1819 561 .
1835 516 1991 581 Neque
2001 530 2195 580 praeterea

547 600 598 630 ex
608 579 777 629 isoscele
786 577 999 647 triangulo
1009 617 1025 639 ,
1035 579 1105 628 seu
1117 598 1167 628 ex
1177 579 1389 647 quadratis
1401 578 1692 646 superficiebus
1711 577 1827 627 aliud
1837 597 1989 647 corpus
1999 577 2107 627 effici
2117 597 2196 647 po·

547 649 625 696 test
635 662 779 715 praeter
788 647 1067 695 cubicum.At
1077 644 1271 712 trianguli
1281 643 1599 712 aequilatergqui
1609 645 1763 692 modus
1775 643 1959 712 reliquus
1971 646 2043 703 est,
2057 653 2101 693 &
2113 661 2195 693 tter

547 719 594 762 in
605 730 735 763 vnum
747 716 961 780 compacti
979 710 1163 760 solidum
1174 710 1379 778 angulum
1389 709 1596 758 efficiunt:
1609 711 1763 778 quibus
1773 709 1809 759 fi
1820 727 1993 779 quartus
2005 712 2197 768 addatur,

548 784 730 848 pyramis
749 784 883 827 oritur
894 797 928 827 ae
961 777 1129 827 uilatera
1138 809 1153 832 ‚
1165 796 1259 845 quae
1272 795 1371 825 cum
1393 775 1621 825 acutissima
1631 781 1831 826 omnium
1849 777 2079 843 figurarum
2099 776 2198 825 soli-

549 848 701 894 darum
713 844 867 912 fitjgni
875 862 899 894 a
947 844 1183 893 cribebatur
1192 841 1217 891 a
1227 842 1404 891 Platone
1416 881 1427 891 .
1445 847 1553 891 Item
1567 854 1753 909 quatuor
1761 842 2197 911 trianguliconiunCti,

547 910 819 979 inuictimque
829 909 1071 978 complicati
1083 910 1343 958 constituunt
1365 908 1567 976 angulum
1575 908 1761 958 solidum
1772 937 1782 963 ς
1795 926 1982 977 quorum
1993 913 2097 958 osto
2108 909 2198 957 effi-

549 982 665 1027 ciunt
676 977 854 1044 figuram
867 976 1043 1025 solidam
1054 974 1343 1033 ostahedram,
1358 974 1427 1023 stu
1437 979 1541 1024 osto
1553 974 1811 1024 bafiutnthic
1824 974 1943 1024 Plato
1957 982 2041 1024 aeri
2051 975 2199 1025 adstri-

579 1043 629 1093 fit
637 1082 647 1093 .
665 1049 857 1092 Demum
901 1047 1059 1110 uinque
1079 1040 1275 1108 trianguli
1285 1040 1509 1109 aequilateri
1528 1046 1713 1090 inuicem
1721 1045 1890 1090 anneffl
1899 1058 2081 1109 queunt,
2093 1061 2200 1090 con·
2224 1054 2256 1097 F

589 1107 727 1159 'tuitnt
761 1127 813 1158 ue
831 1109 859 1156 s
890 1109 1015 1156 fidum
1022 1106 1248 1175 angulum:
1263 1127 1315 1155 ex
1326 1107 1479 1175 quibus
1489 1105 1521 1155 fi
1533 1107 1797 1175 compleatur
1814 1126 1867 1156 co
1921 1125 2023 1156 usvt
2035 1114 2200 1156 Sterco-

546 1192 693 1225 metrae
702 1128 1093 1235 nilidunmfficimr
1103 1191 1256 1242 corpus
1267 1177 1419 1240 viginti
1427 1172 1589 1223 basium
1602 1210 1611 1222 .
1625 1173 1712 1222 hoc
1723 1191 1841 1241 aquae
1851 1125 1971 1223 ΡἘῑο
1981 1175 2202 1243 imposuit,

549 1258 699 1311 vtpote
707 1258 801 1310 quae
815 1239 865 1289 fit
885 1246 978 1288 acre
989 1239 1156 1288 craffior
1166 1277 1177 1288 .
1197 1243 1260 1287 Ex
1271 1239 1457 1307 pluribus
1465 1254 1608 1288 autem
1621 1239 1831 1307 triangulis
1841 1277 1857 1299 ,
1869 1238 1999 1308 quam
2011 1245 2202 1308 quinque

549 1315 596 1358 in
605 1325 739 1357 vnum
758 1310 991 1376 compaCtis
1003 1306 1116 1354 effici
1135 1305 1312 1372 angulus
1327 1303 1485 1354 solidus
1501 1322 1691 1374 praeterea
1701 1310 1867 1374 nequit.
1889 1304 2079 1373 Ideoque
2089 1307 2202 1355 dice-

550 1375 625 1423 bat
635 1371 804 1423 nullum
814 1371 929 1421 aliud
940 1389 1094 1440 corpus
1105 1370 1281 1439 simplex
1291 1375 1687 1441 inuenisspraeterea
1699 1389 1904 1440 quatuor,
1915 1391 2009 1440 quae
2017 1372 2201 1421 sensibus

551 1446 679 1489 etiam
699 1437 885 1507 expofita
895 1437 987 1487 sunt
1006 1439 1169 1490 nostris.
1182 1437 1266 1486 Sed
1277 1443 1483 1505 quoniam
1500 1455 1644 1505 praeter
1653 1437 1727 1486 has
1737 1456 1921 1504 quatuor
1934 1438 2085 1487 solidas
2096 1439 2203 1507 figu-

551 1507 615 1555 ras
629 1505 831 1573 regulares
842 1541 856 1563 ,
869 1509 1016 1572 quinta
1027 1509 1153 1552 etiam
1165 1505 1363 1552 constitui
1375 1505 1511 1572 potest
1523 1523 1573 1552 ex
1589 1510 1837 1572 pentagonis
1847 1542 1863 1561 ,
1874 1523 1931 1573 qu
1937 1522 2063 1554 orum
2073 1510 2151 1553 tria
2159 1511 2204 1554 in

552 1589 687 1621 vnum
700 1574 924 1639 compatita
933 1588 984 1618 an
1043 1568 1134 1618 lum
1149 1567 1331 1618 solidum
1349 1567 1509 1619 faciunt
1519 1607 1533 1629 ,
1544 1568 1683 1637 sicquae
1695 1571 1927 1620 duodecim
1937 1572 2118 1638 figuram
2129 1572 2205 1619 εὸ-

550 1637 667 1707 plent
677 1637 911 1687 duodecim
919 1637 976 1684 ba
993 1651 1151 1695 ium,vt
1161 1641 1346 1684 omnino
1357 1654 1551 1704 corpora,
1559 1655 1653 1705 quae
1664 1653 1811 1686 natura
1821 1638 2026 1694 constant,
2037 1639 2206 1705 respon-

551 1705 699 1753 derent
707 1701 1126 1769 mathematicis,quae
1137 1701 1404 1769 Pythagorici
1413 1707 1541 1770 princi
1571 1708 1611 1751 ia
1621 1701 1699 1752 ess‘e
1709 1702 1960 1752 naturalium
1970 1705 2204 1763 censebant,

549 1769 747 1819 ‘uniuerso
756 1768 865 1818 hanc
879 1769 1112 1818 duodecim
1121 1767 1284 1816 bafium
1297 1768 1325 1816 fi
1387 1787 1477 1817 ram
1489 1770 1541 1817 ad
1561 1768 1812 1839 cripsereAEx
1823 1788 1913 1839 quo
1923 1768 2043 1818 facilc
2053 1774 2206 1818 coniici
2230 1785 2271 1832 G

552 1834 784 1906 potest,hac
795 1833 1177 1903 Pythagoricorum
1185 1834 1304 1883 fuisse
1333 1841 1661 1895 ententiam,non
1673 1835 1857 1885 Platonis
1869 1857 1881 1883 ε
1895 1841 2103 1905 quoniam
2115 1835 2206 1886 Pla-

553 1921 603 1952 to
614 1908 659 1951 in
669 1903 824 1951 eodem
835 1921 963 1971 opere
971 1901 1155 1951 attribuit
1165 1906 1265 1950 vniu
1271 1900 1361 1951 ctso
1372 1901 1440 1950 seu
1453 1901 1565 1950 coelo
1579 1902 1757 1968 figuram
1767 1901 2009 1951 circularem
2023 1912 2067 1951 &
2079 1902 2208 1971 sphac-

553 1974 807 2018 ricatnaeum
815 1968 868 2017 de
877 1969 1177 2016 constitutione
1183 1973 1334 2017 auimae
1345 1973 1443 2016 vniu
1449 1967 1523 2017 ersi
1537 1969 1663 2018 verba
1673 1967 1773 2018 facit
1785 2006 1795 2017 .
1811 1972 1871 2017 At
1881 1974 2087 2036 quoniam
2099 2010 2100 2014 ,
2125 1974 2208 2017 rin-

555 2039 665 2103 cipia
672 2039 800 2083 trium
810 2033 1243 2101 elementorum,ignis
1257 2032 1605 2103 scilicetfflquae,&
1617 2038 1719 2082 aitis
1731 2034 1825 2082 sunt
1836 2034 2031 2101 trianguli
2043 1987 2205 2093 scaleni,

555 2118 671 2149 terrae
683 2097 785 2149 vero
797 2098 991 2150 isosceles
1013 2101 1081 2150 scu
1101 2105 1349 2168 aequicrures
1369 2100 1563 2168 trianguli
1577 2121 1587 2147 =
1601 2101 1759 2149 idcirco
1781 2100 1967 2166 sequitur
1989 2098 2111 2167 quod
2131 2107 2209 2148 tria

555 2172 697 2235 priora
707 2165 915 2215 elementa
925 2171 1111 2215 inuicem
1121 2167 1385 2216 transmutari
1395 2182 1677 2234 queunt-,tetra
1689 2165 1903 2234 vero,quae
1915 2185 1964 2216 ex
1975 2167 2087 2214 eisdf:
2097 2172 2209 2233 prin.-

555 2238 659 2301 cipis
671 2251 761 2280 non
771 2234 931 2280 constat
939 2270 951 2291 ,
973 2231 1149 2280 minime
1159 2231 1285 2301 poffit
1295 2237 1337 2280 in
1349 2232 1427 2280 alia
1441 2232 1645 2281 elementa
1653 2232 1915 2281 tranfinutari
1927 2253 1937 2279 ι
1982 2233 2071 2280 uod
2079 2237 2209 2280 etiam

554 2297 800 2347 Aristoteles
821 2304 865 2346 in
875 2296 955 2346 hac
1031 2296 1182 2346 sitione
1205 2297 1465 2366 reprehendit
1477 2336 1487 2347 .
1513 2303 1619 2347 Haec
1631 2299 1685 2347 de
1705 2298 1921 2348 elementis
1943 2304 1971 2346 P
1991 2304 2125 2347 atonis
2137 2297 2209 2346 stu

555 2364 939 2431 Pythagoricorum
967 2369 1159 2422 ententia,
1171 2381 1303 2431 quam
1317 2363 1436 2412 latius
1449 2363 1641 2432 explicari
1651 2382 1789 2432 operae
1799 2365 2075 2431 preciumeffe
2087 2365 2169 2412 dux
2175 2369 2209 2412 i-

555 2449 667 2487 mus,
679 2431 839 2497 quonii
849 2434 894 2477 in
907 2432 1075 2477 Timaeo
1085 2435 1227 2497 paucis
1239 2428 1415 2477 obscure
1448 2448 1501 2478 ue
1512 2432 1689 2479 traditur
1697 2465 1711 2484 ,
1719 2432 1773 2478 ab
1785 2430 2015 2479 Aristotele
2025 2428 2125 2478 vero
2137 2435 2209 2477 vix

555 2493 1069 2563 tangituneuidentiffitnis
1081 2499 1337 2562 argumentis
1349 2449 1479 2544 ref-illi
1489 2497 1627 2564 potest
1638 2534 1648 2544 .
1659 2500 1777 2544 Nam
1789 2513 1933 2563 praeter
1943 2493 2076 2564 quarn
2089 2493 2208 2563 quod
2235 2508 2285 2555 H

555 2579 704 2611 natura
717 2562 997 2609 constantium
1011 2562 1195 2628 corpor-ii
1207 2560 1507 2610 mathematica
1524 2567 1723 2628 principia
1733 2562 1857 2619 facit,
1901 2567 2013 2610 rimis
2025 2562 2210 2610 scientia-

555 2645 653 2676 rum
667 2625 1055 2675 mathematicarum
1079 2631 1285 2694 principiis
1299 2627 1549 2676 contradicit
1561 2665 1571 2675 .
1583 2631 1703 2675 Nam
1713 2626 1844 2695 suppo
1865 2633 1945 2676 itio
1955 2629 2013 2675 est
2030 2632 2077 2675 in
2091 2631 2209 2676 Geo-

554 2699 729 2750 metria,
741 2692 893 2740 lineam
907 2692 1039 2740 diuidi
1053 2697 1097 2740 in
1108 2693 1319 2740 infinitum
1333 2711 1403 2749 ,ac
1421 2710 1639 2761 propterea
1653 2712 1741 2741 non
1757 2695 1955 2741 constitui,
1965 2713 2015 2741 ex
2027 2699 2204 2761 punffis:

557 2764 663 2808 item
679 2758 936 2826 superficiem
949 2758 1081 2805 diuidi
1091 2763 1133 2804 in
1147 2759 1359 2807 infinitum
1369 2795 1383 2818 ,
1396 2777 1577 2827 corpora
1588 2777 1765 2827 quoque
1777 2765 1865 2827 p'ari
1875 2764 2038 2808 ratione
2049 2757 2209 2829 semper

557 2825 835 2890 diuidi‚atque
847 2822 1071 2872 diuifiones
1083 2822 1235 2872 nullibi
1247 2824 1393 2874 sistere.
1411 2827 1713 2887 Qmobrem
1725 2825 1909 2893 sequitur
1921 2844 2059 2893 neque
2073 2825 2210 2894 super-

557 2892 697 2940 ficiem
710 2890 897 2937 constare
918 2908 967 2937 ex
977 2889 1093 2939 lineis
1105 2927 1117 2948 ,
1133 2908 1271 2957 neque
1281 2909 1461 2959 corpora
1472 2890 1625 2939 confici
1641 2909 1771 2958 atque
1779 2896 1997 2958 compingi
2009 2911 2059 2941 ex
2077 2891 2207 2960 planis

557 2958 644 3023 figu
649 2962 813 3021 ris,quae
822 2955 913 3003 sunt
923 2960 965 3003 in
978 2955 1203 3023 superficie,
1217 2953 1399 3025 eamque
1409 2958 1603 3005 ambiunt
1615 2994 1625 3005 .
1639 2962 1835 3005 Prieterea
1845 2961 2035 3014 nutritio,
2045 2962 2207 3019 auctio,

557 3026 771 3090 generatio
782 3054 797 3075 ‚
809 3026 1043 3070 mixtorum
1065 3040 1297 3090 corporum
1307 3021 1509 3090 praecipue
1527 3022 1616 3071 fieri
1625 3021 1731 3071 solet
1753 3043 1803 3071 ex
1813 3039 1919 3074 tetra
1933 3059 1947 3079 ‚
1957 3042 2087 3092 quam
2109 3043 2207 3093 pto-

557 3105 698 3156 pterea
710 3102 887 3135 matrem
897 3093 1093 3136 omnium
1115 3087 1373 3156 appellauere
1385 3086 1507 3155 prisci
1519 3107 1665 3136 omnes
1677 3114 1689 3147 ς
1701 3107 1791 3137 non
1810 3108 1911 3157 ergo
1925 3107 2041 3142 terrae
2049 3109 2207 3142 conue-

557 3159 621 3204 nit
629 3159 673 3208 in
683 3151 763 3204 alia
773 3158 949 3205 minime
961 3152 1213 3204 mutabilem
1223 3156 1303 3204 effe
1313 3192 1326 3204 .
1337 3157 1411 3203 Ad
1423 3154 1512 3204 haec
1533 3159 1879 3207 commentitium
1889 3175 1939 3207 ac
1949 3157 2206 3227 figmentum

2034 3226 2205 3295 procul·
