2455 3671
645 258 979 328 LIBER
1049 257 1519 330 PRIMVS·
1959 275 2074 364 187

200 391 242 438 Α
273 368 416 412 minor
427 363 485 412 est
499 378 607 412 nota
617 400 629 410 .
640 366 761 412 Nam
771 362 1014 432 oppofitum
1027 362 1235 431 praedicati
1244 362 1368 414 infert
1377 382 1439 432 op
1495 361 1621 412 {itum
1632 361 1917 414 subieffl.Ma—

270 434 338 478 ior
350 429 549 496 ptobatur
557 465 573 487 ‚
583 434 683 497 quia
695 435 834 479 omnis
843 434 1033 496 cognitio
1043 427 1109 478 vel
1121 431 1179 478 est
1188 429 1304 478 idem
1315 381 1583 498 ptaeciffcfim
1594 429 1734 479 forma
1744 432 1918 480 existen.-

271 510 313 543 te
332 499 375 543 in
395 498 584 562 potentia
603 495 890 562 cognoscitiua
911 494 1139 544 secundum
1151 496 1232 544 effe
1252 494 1456 564 spirituale
1468 515 1480 543 ε
1492 494 1558 544 vel
1568 497 1627 544 est
1637 500 1750 544 astio
1764 501 1916 546 imma-

268 579 369 609 nens
383 564 498 608 cuius
511 565 765 628 principium
789 562 847 609 est
855 560 995 610 forma
1005 560 1098 609 illa.-
1111 560 1175 610 vel
1187 559 1578 630 estcomptehenfio
1590 579 1639 612 ac
1659 560 1790 611 veluti
1843 581 1916 611 ua-

269 627 369 675 dam
389 631 645 675 continentia
673 624 781 675 illius
802 626 951 675 forma:
968 625 993 674 ὲ
1012 631 1200 694 potentia
1219 626 1512 694 cognoscente:
1556 581 1916 695 uodcunqueqho-

267 710 363 741 rum
377 692 595 750 statuatur,
607 693 761 741 modus
781 696 1036 759 cognitionis
1049 690 1270 741 neceffario
1288 692 1474 760 sequitur
1492 646 1571 742 εὲο
1590 691 1738 742 forme
1752 713 1915 761 cogno-

267 756 417 806 scibilis
425 762 471 805 in
479 762 629 806 virtute
641 777 695 806 co
727 759 919 807 noscente
929 795 941 806 .
957 762 1075 807 Nam
1086 757 1117 806 fi
1129 762 1318 824 cognitio
1342 759 1393 808 fit
1412 758 1584 826 ipsimet
1602 759 1766 819 forma,
1782 765 1913 808 mani-

267 823 419 871 festum
431 825 489 871 est
498 823 541 872 id
553 823 675 890 quod
715 828 863 872 iximus
878 861 887 872 .
902 829 946 872 Si
964 822 1064 872 veto
1075 823 1199 872 fuerit
1220 828 1356 883 astio,
1369 830 1486 873 cuius
1497 830 1746 892 principium
1758 826 1914 874 estfor-

267 906 341 936 ma
357 887 447 947 illa,
459 889 722 939 manifestum
743 894 869 938 etiam
879 890 937 937 est
947 926 961 948 ,
972 890 1095 957 quod
1119 890 1312 956 sequetur
1324 890 1506 938 modum
1516 907 1646 957 atque
1658 891 1738 939 effe
1749 890 1911 950 formae,

301 952 493 1022 uaeipsius
506 956 564 1003 est
583 959 833 1023 principium
845 993 855 1003 .
871 959 914 1003 Si
935 953 1035 1004 vero
1055 955 1103 1004 fit
1119 954 1442 1022 comprehensio
1462 955 1612 1004 formae
1632 954 1740 1005 illius
1753 990 1768 1010 .
1780 962 1914 1006 mani-

269 972 423 1068 gestum
436 1025 561 1069 etiam
580 1021 639 1068 est
647 1057 661 1079 ,
672 1022 791 1088 quod
801 1021 942 1069 forma
951 1040 1005 1070 eo
1017 1022 1155 1069 modo
1167 1021 1549 1090 comprehendetur
1560 1019 1585 1070 ὲ
1594 1028 1784 1090 potentia
1794 1058 1809 1079 ,
1820 1041 1911 1090 quo

267 1085 481 1134 habeteffe
491 1091 533 1133 in
553 1085 837 1154 potentiailla.
851 1086 965 1135 idem
987 1086 1073 1135 hoc
1095 1093 1221 1135 etiam
1242 1093 1526 1154 experimento
1550 1088 1820 1154 comprobati
1833 1107 1913 1156 po·

267 1152 367 1208 test,
379 1157 477 1219 quia
488 1151 635 1200 oculus
649 1157 818 1201 citrinus
829 1153 987 1200 iudicat
999 1157 1141 1200 omnia
1155 1155 1236 1201 efl'e
1250 1150 1406 1202 coloris
1420 1158 1672 1220 citrini,quia
1682 1153 1912 1203 secundum

267 1216 374 1266 illud
383 1218 461 1266 esse
471 1217 610 1266 forma
621 1217 789 1266 vifibilis
801 1219 911 1266 estin
923 1218 1053 1267 oculo
1069 1239 1079 1266 ε
1090 1217 1241 1274 oculus
1264 1224 1388 1268 etiam
1400 1223 1486 1267 eius
1508 1224 1584 1293 qui
1593 1235 1792 1268 mouetur
1802 1221 1911 1268 iudi·

268 1299 335 1331 cat
347 1301 409 1331 res
420 1285 565 1332 stantes
577 1302 653 1332 mo
659 1287 857 1352 ueri‚quia
877 1284 1027 1332 stcund
1033 1302 1105 1335 um
1117 1283 1222 1332 illud
1234 1287 1311 1332 effe
1322 1285 1460 1333 forma
1470 1282 1638 1334 vihbilis
1656 1285 1770 1332 estin
1780 1285 1910 1334 oculo

268 1354 355 1397 eius
367 1356 441 1416 qui
453 1366 671 1399 mouetur.
684 1354 765 1398 His
777 1349 990 1399 declaratis
1013 1350 1258 1399 accedamus
1279 1351 1334 1398 ad
1356 1350 1650 1418 probationem
1670 1355 1854 1399 maioris.
1865 1356 1912 1399 in

266 1419 419 1463 virtute
439 1415 507 1463 seu
525 1416 663 1464 forma
684 1435 737 1465 co
771 1416 967 1464 noscente
987 1414 1211 1464 vniuetsaIe
1227 1418 1420 1484 &ipsum
1434 1416 1552 1482 quod
1596 1416 1670 1464 uid
1684 1417 1741 1464 est
1752 1417 1910 1464 neceffe

267 1481 327 1528 est
345 1480 531 1530 formam
554 1488 611 1530 rei
635 1435 849 1531 intelfedtae
859 1484 937 1530 effe
956 1482 1185 1531 secundum
1195 1483 1274 1530 effe
1296 1483 1580 1529 abstraituma
1630 1479 1700 1529 hic
1714 1490 1756 1529 &t
1780 1500 1911 1530 nunc:

267 1544 385 1594 aliter
403 1566 477 1614 per
489 1566 579 1597 eam
592 1547 815 1597 vniuersale
835 1565 907 1596 aut
919 1548 1041 1615 quod
1087 1548 1157 1597 uid
1172 1548 1230 1595 est
1242 1545 1416 1614 intelligi
1426 1565 1514 1595 non
1564 1546 1666 1594 offet
1676 1563 1724 1595 vt
1736 1546 1910 1595 demon·

265 1613 505 1663 strauimus.
521 1614 601 1662 Sed
619 1614 759 1662 forma
775 1612 1001 1662 secundum
1024 1567 1101 1662 εἷίἰε
1122 1614 1376 1661 abstrastum
1388 1618 1446 1660 im
1478 1632 1506 1660 ο
1539 1610 1640 1660 1bsse
1661 1613 1719 1660 est
1740 1629 1786 1660 vt
1804 1611 1854 1661 fit
1864 1618 1910 1660 in

267 1695 446 1745 corpore
465 1695 537 1728 aut
557 1678 639 1728 vlla
658 1696 771 1747 parte
793 1685 979 1748 corporis
995 1700 1005 1726 :
1019 1683 1118 1746 quia
1129 1697 1260 1727 omne
1276 1697 1426 1746 corpus
1448 1631 1678 1726 fimitatum
1700 1679 1758 1725 est
1772 1699 1782 1724 :
1797 1696 1909 1726 tece-

194 1767 236 1811 C
265 1761 386 1811 ptum
406 1742 505 1793 veto
525 1746 642 1793 estin
663 1742 884 1813 recipiente
903 1745 1133 1794 secundum
1151 1744 1334 1793 modum
1359 1748 1587 1811 recipientis
1600 1780 1614 1802 ,
1628 1760 1674 1792 vt
1694 1744 1752 1790 est
1772 1762 1846 1810 pet
1866 1743 1907 1791 st

265 1826 443 1858 notum.
459 1813 571 1876 Ergo
591 1810 679 1858 haec
697 1810 839 1859 forma
859 1816 935 1860 etit
952 1815 996 1859 in
1014 1809 1227 1859 intellectu
1242 1807 1430 1867 tantum,
1444 1828 1532 1857 non
1544 1826 1683 1857 autem
1698 1814 1742 1856 in
1756 1827 1909 1876 corpo-

265 1874 597 1942 rezquodfiest,
611 1874 901 1925 deneceffitate
911 1876 1250 1944 sequitur,quod
1272 1874 1504 1924 intellectus
1527 1873 1704 1942 fitperfi:
1716 1876 1820 1923 stans
1834 1912 1844 1923 .
1866 1880 1909 1923 Si

265 1945 377 1988 enim
391 1959 477 1988 non
489 1959 561 2008 per
573 1941 613 1989 se
623 1944 717 1990 effer
728 1978 741 2000 ,
751 1943 819 1990 sed
831 1942 999 1990 haberet
1009 1945 1271 1990 intrinsecam
1284 1945 1503 1989 materiam
1518 1938 1542 1988 ai
1564 1958 1646 2006 qua
1658 1941 1906 2008 dependeret

265 2010 309 2054 in
321 2006 486 2055 effendo
497 2043 511 2065 ,
521 2011 681 2073 penitus
693 2006 947 2075 impoffibile
965 2010 1083 2060 esset,
1093 2006 1253 2074 aliquid
1274 2006 1351 2055 effe
1370 2012 1414 2054 in
1432 2004 1648 2053 intelledtu
1672 2014 1716 2053 &
1728 2024 1815 2052 non
1828 2006 1907 2053 effe

265 2076 309 2119 in
331 2090 509 2138 corpore
529 2073 597 2120 seu
619 2078 790 2121 materia
813 2110 824 2122 .
847 2077 965 2122 Nam
983 2072 1123 2120 forma
1147 2082 1191 2120 δι
1211 2076 1386 2120 materia
1406 2108 1420 2130 ,
1439 2087 1484 2120 vt
1505 2071 1684 2119 diximus
1708 2068 1906 2137 superius,

265 2154 355 2185 non
367 2137 457 2187 sunt
467 2154 596 2203 partes
608 2143 853 2203 integrantes
863 2163 875 2196 ·‚
885 2143 943 2186 ita
963 2139 1085 2205 quod
1105 2156 1185 2186 vna
1195 2135 1322 2205 possit
1332 2138 1410 2185 effe
1421 2153 1533 2185 extra
1542 2134 1668 2184 aliam
1682 2174 1692 2184 .
1707 2137 1786 2184 Sed
1799 2135 1907 2183 ficu-

263 2208 299 2250 ti
310 2202 445 2251 forma
457 2204 597 2252 actuale.
604 2209 821 2252 materiam
831 2205 889 2251 est
898 2209 941 2251 in
953 2222 1205 2270 quacunque
1215 2220 1328 2269 parte
1338 2207 1580 2255 materiae,&
1604 2218 1738 2250 totam
1776 2218 1906 2250 mate-

264 2272 370 2315 riam
384 2284 567 2334 penetrat
578 2286 623 2318 vt
633 2275 691 2318 ita
701 2270 875 2318 dixerim
887 2306 901 2326 ,
911 2274 969 2318 ita
979 2270 1099 2337 quod
1113 2267 1216 2316 nihil
1230 2270 1288 2316 est
1300 2274 1478 2316 materia:
1488 2305 1502 2326 ,
1515 2272 1620 2335 quin
1640 2266 1744 2315 illud
1766 2271 1908 2315 astuc-

266 2347 333 2380 tut
354 2331 379 2380 εἴ
395 2331 555 2383 Forma.
577 2340 639 2384 Ita
657 2341 783 2383 etiam
803 2335 963 2393 forma,
987 2352 1081 2402 quae
1099 2336 1157 2382 est
1175 2332 1338 2382 tannim
1350 2339 1465 2382 aetus
1480 2343 1521 2382 &
1544 2351 1633 2380 non
1656 2334 1714 2380 est
1734 2338 1776 2380 in
1794 2336 1906 2391 astu,

267 2397 337 2446 sed
366 2398 571 2466 dependet
593 2405 637 2448 in
659 2399 774 2448 effei
791 2405 963 2448 materia.
981 2437 995 2459 ,
1018 2402 1174 2448 necesse
1191 2401 1274 2459 est,
1288 2416 1333 2448 vt
1365 2399 1594 2447 secundum
1616 2415 1751 2446 totam
1784 2416 1908 2465 pene-

194 2486 240 2532 D
267 2479 397 2512 tretur
417 2501 431 2521 ,
449 2481 495 2513 vt
523 2470 581 2514 ita
607 2465 783 2515 dixerim
801 2503 815 2524 ‚
836 2466 861 2513 ὲ
881 2471 1053 2514 materia
1071 2502 1084 2524 ,
1107 2470 1163 2513 ita
1185 2466 1306 2533 quod
1338 2463 1440 2512 nihil
1472 2464 1522 2512 sit
1552 2468 1737 2511 inuenire
1758 2462 1906 2511 formae

267 2528 375 2578 illius
397 2566 412 2586 ,
431 2535 475 2578 in
497 2547 585 2598 quo
603 2529 817 2580 intrinsece
839 2549 927 2579 non
948 2530 999 2580 fit
1023 2536 1193 2578 materia
1211 2568 1221 2578 .
1252 2534 1368 2578 Nam
1390 2528 1422 2577 fi
1442 2529 1602 2596 aliquid
1623 2528 1768 2577 formae
1790 2534 1907 2577 inue-

269 2600 431 2643 niamus
449 2601 518 2653 ‚in
539 2614 629 2663 quo
651 2614 739 2644 non
759 2597 955 2646 intreseca
975 2597 1069 2645 effer
1091 2601 1260 2644 materia
1280 2634 1294 2654 ,
1316 2594 1420 2643 illud
1442 2595 1550 2643 certe
1568 2612 1640 2661 per
1652 2594 1692 2640 se
1704 2594 1822 2641 staret
1834 2613 1906 2641 ne-

269 2666 409 2728 quein
429 2663 507 2708 effe
527 2661 777 2729 dependeret
799 2660 825 2709 a
847 2668 1015 2711 materia
1029 2666 1181 2710 .Sicuti
1201 2667 1326 2708 etiam
1358 2660 1515 2726 aliquid
1548 2664 1726 2707 materiae
1748 2658 1906 2706 fiinue-

269 2731 473 2784 nitemus,
497 2728 617 2793 quod
638 2746 725 2775 non
749 2732 981 2776 narraretur
997 2729 1021 2774 ὲ
1039 2728 1179 2774 forma
1199 2762 1211 2784 ,
1234 2725 1388 2773 neceffe
1408 2725 1506 2774 effer
1524 2726 1660 2772 dicere
1680 2761 1692 2783 ,
1714 2725 1834 2790 quod
1856 2724 1906 2772 il-

269 2790 343 2840 lud
363 2810 435 2858 per
455 2792 495 2840 se
514 2793 591 2840 stat
611 2793 765 2859 absque
789 2794 929 2841 forma
947 2818 959 2851 ς
981 2793 1103 2858 quod
1123 2792 1310 2840 accidere
1330 2796 1372 2838 in
1395 2794 1566 2838 materia
1588 2824 1602 2844 ,
1626 2807 1716 2856 quae
1738 2790 1796 2837 est
1816 2807 1906 2838 tan-

269 2854 363 2906 tfrm
383 2862 569 2924 potentia
587 2895 601 2916 ,
625 2857 811 2925 implicat
831 2859 1208 2906 contradictionem
1232 2894 1245 2915 ,
1268 2873 1310 2904 vt
1331 2855 1592 2904 manifestum
1614 2855 1691 2903 est.
1708 2859 1905 2904 Reuerta-

269 2940 365 2971 mur
385 2940 427 2973 er
457 2941 485 2969 o
507 2923 559 2971 ad
581 2925 875 2990 probationem
903 2925 1088 2971 nostram
1111 2960 1125 2981 ‚
1149 2932 1193 2970 &
1213 2923 1400 2969 dicamus
1422 2921 1543 2988 quod
1564 2938 1664 2968 cum
1684 2919 1822 2968 forma
1841 2926 1906 2968 in-

269 2986 353 3036 telh'
385 2988 439 3037 ib·
458 2992 599 3054 is‚quae
609 2990 667 3036 est
677 2990 879 3057 principiii
889 2987 1177 3037 intellefflonis
1191 2985 1426 3035 vniuersslis
1440 2986 1508 3038 stu
1528 2984 1652 3052 ipsius
1666 2985 1784 3052 quod
1799 2986 1904 3052 quid

269 3053 341 3111 est,
359 3071 391 3109 it
403 3058 447 3102 in
461 3053 683 3114 virtute,fic
693 3072 833 3122 cogno
839 3055 971 3103 scente
983 3054 1181 3102 secudum
1193 3055 1270 3102 esse
1282 3053 1546 3110 sublineium,
1560 3068 1606 3100 vt
1616 3050 1904 3164 qfobauimus,

269 3119 425 3170 neceffe
435 3121 493 3170 est
501 3135 547 3171 vt
557 3118 647 3168 talis
656 3118 797 3171 forma
803 3118 921 3169 nullo
933 3124 1057 3188 pacto
1069 3118 1119 3169 fit
1130 3130 1173 3168 in
1183 3118 1442 3187 corpore5sed
1454 3114 1616 3167 tantum
1644 3132 1676 3164 it
1682 3121 1742 3230 1{n
1752 3120 1906 3166 virtute
