2455 3671
360 314 485 360 202
647 274 781 344 DE
831 267 1514 344 IMMORTAL·
1567 266 2029 346 ANIMAE

511 384 622 430 intus
633 397 819 446 namque
828 395 1023 447 apparens
1033 375 1217 426 alienum
1225 374 1471 444 prohibebit
1482 384 1527 424 δι
1537 376 1727 427 obstruet
1734 415 1746 427 .
1759 381 1831 426 De
1840 378 1955 430 nulla
1964 397 2068 431 vero
2078 380 2169 432 for·
2216 383 2253 429 Ε

512 464 587 496 ma
595 445 766 496 mortali
775 444 860 494 fiue
868 442 1073 494 materiali
1085 453 1097 503 (
1111 443 1229 492 idem
1239 459 1424 511 namque
1433 444 1547 505 sunt)
1559 459 1604 492 vt
1616 441 1768 494 clamat
1777 447 1997 508 Auetrois,
2005 448 2093 497 hoe
2105 449 2170 498 di-

515 518 555 563 ci
572 513 729 583 potest3
743 511 865 579 quod
882 510 1035 560 scilicet
1055 509 1108 558 fit
1127 513 1322 559 immixta
1341 534 1354 568 ;
1372 526 1512 576 neque
1531 507 1615 559 vlla
1632 509 1775 559 forma
1792 513 2016 562 materialis
2039 513 2170 566 habet

516 598 611 628 eam
624 583 983 647 comparationem
995 576 1047 625 ad
1059 574 1287 626 materialia
1299 583 1341 624 δε
1355 592 1580 642 corporea:
1594 593 1726 644 quam
1736 576 1864 627 habet
1883 578 2117 631 intellectus
2127 599 2173 631 a-

547 646 604 694 ud
627 649 926 712 Anaxagoram
940 681 951 692 .
966 647 1028 691 Ex
1049 643 1203 711 quibus
1215 658 1316 691 cum
1338 642 1614 708 postmodum
1637 642 1897 694 conclusisset
1905 682 1920 705 ,
1964 648 2054 695 uod
2075 647 2172 696 nul-

515 665 604 760 lam
613 711 741 760 haber
752 727 944 759 naturam
954 729 966 756 ε
977 707 1053 757 nifi
1065 708 1186 776 quod
1199 705 1398 776 poffibilis
1412 722 1590 756 vocatus
1602 709 1722 763 est‚&
1737 726 1896 770 caetera,
1907 665 2174 781 stiladinquo-

518 782 628 826 circa
637 797 690 825 ne
723 795 774 824 ue
784 795 883 825 cum
894 793 1073 844 corpore
1083 778 1268 823 mixtum
1278 774 1358 822 effe
1367 779 1520 822 rationi
1530 775 1855 825 consentaneum
1866 779 1924 826 est
1933 803 1946 837 ;
1956 782 2076 828 Nam
2086 779 2173 828 fot-

516 862 599 892 mae
611 842 709 892 senfi
743 842 815 891 iles
839 846 1088 911 pertinerent
1108 841 1162 890 ad
1172 839 1315 898 illurn3
1329 849 1373 888 &
1384 838 1441 888 fic
1452 858 1540 888 non
1562 842 1660 889 effer
1680 856 1847 891 tantum
1867 841 2065 911 poffibilis
2078 866 2090 894 ε
2102 865 2175 894 ne-

519 929 604 978 que
614 910 741 958 habet
760 907 937 975 aliquod
949 908 1292 956 instrumentum:
1308 906 1378 954 sed
1388 907 1446 954 est
1458 905 1576 954 lotus
1587 906 1616 953 s
1634 911 1818 956 ecierum
1830 945 1840 956 .
1862 909 1993 959 Paulo
2004 910 2173 960 inferius

519 976 671 1024 deinde
680 979 841 1042 inquit,
855 974 973 1042 quod
985 973 1119 1022 sensus
1131 991 1181 1021 ex
1191 971 1461 1021 vehementer
1472 970 1614 1020 senfib'
1634 977 1648 1022 i
1658 973 1707 1021 fit
1725 974 2003 1025 imbecillior:
2014 977 2175 1026 intelle-

518 1046 611 1090 &us
631 1039 733 1090 vero
746 1061 795 1088 ex
805 1038 927 1089 valde
948 1038 1199 1105 intelligibili
1220 1037 1365 1105 aliquo
1376 1038 1424 1086 fit
1446 1037 1624 1087 validior
1634 1038 1687 1087 ad
1704 1038 1972 1108 intelligenda
1992 1048 2176 1103 minora,
2200 1046 2232 1089 Ρ

518 1104 934 1174 inferioraqueaeuius
946 1111 1151 1154 rationem
1163 1104 1340 1153 subdens
1352 1108 1500 1172 inquit.
1515 1103 1756 1154 senfitiuum
1768 1111 1882 1155 enirn
1888 1126 1978 1157 non
1988 1107 2074 1158 fine
2084 1129 2174 1159 cor-

518 1193 624 1242 pore
633 1199 646 1232 3
656 1189 699 1222 at
717 1171 949 1221 intellectus
971 1173 1025 1220 ab
1037 1170 1193 1220 eodem
1212 1169 1444 1238 scparabilis
1455 1171 1534 1218 est.
1548 1175 1642 1238 quis
1661 1190 1733 1239 per
1750 1177 1896 1222 Deum
1918 1193 2010 1223 non
2030 1194 2177 1225 excan-

519 1240 703 1289 desceret
717 1251 730 1287 ‚³
777 1237 1112 1286 uemadrnodum
1123 1241 1326 1285 Auerrois
1340 1235 1582 1285 Alexandro
1595 1256 1606 1283 ε
1622 1242 1698 1304 qui
1706 1237 1967 1304 politionem
1976 1243 2094 1291 suam
2103 1242 2178 1291 ad-

519 1322 660 1374 aptate
673 1257 905 1353 Aristotelis
917 1305 1036 1351 dietis
1048 1302 1220 1352 volebat
1235 1315 1249 1350 Ξ
1261 1302 1430 1350 inferius
1442 1302 1592 1351 deinde
1604 1302 1810 1352 declarans
1823 1308 2053 1372 quomodo
2063 1307 2179 1357 intel·

520 1370 653 1420 letius
666 1370 840 1439 seipsum
853 1368 1056 1436 intelligat
1067 1389 1079 1416 ι
1089 1367 1365 1435 intelligendo
1376 1366 1454 1416 alia
1463 1405 1477 1427 ,
1487 1373 1626 1436 inquit
1638 1406 1650 1426 ‚
1662 1373 1710 1417 In
1720 1369 1784 1418 his
1800 1377 1914 1420 enim
1925 1391 2017 1441 quae
2027 1373 2120 1422 sunt
2130 1375 2179 1422 fi-

521 1457 577 1486 ne
586 1442 760 1499 materia
779 1435 1009 1502 intelligens
1022 1444 1067 1484 ⁴&
1078 1436 1123 1484 id
1135 1435 1258 1502 quod
1279 1432 1521 1501 intelligitur
1536 1436 1594 1482 est
1604 1436 1718 1483 idem
1731 1473 1742 1485 .
1754 1454 1803 1484 ac
1815 1435 1846 1485 fi
1857 1439 1970 1487 dicat
1980 1474 1994 1494 ‚
2005 1458 2103 1489 cum
2115 1446 2180 1488 in-

523 1502 715 1553 tellectus
726 1501 777 1550 fit
789 1501 873 1550 sine
885 1506 1065 1559 materian
1077 1501 1125 1548 fit
1135 1519 1196 1548 res
1208 1499 1438 1549 intellecta:
1452 1502 1734 1567 quamobrem
1744 1501 2018 1571 intelligendo
2029 1524 2117 1553 rem
2129 1504 2180 1554 il-

521 1569 608 1618 lam
620 1607 633 1627 ‚
645 1569 821 1635 seipsum
832 1565 1027 1633 intelligit
1039 1605 1049 1616 .
1075 1570 1127 1615 Et
1137 1565 1225 1614 hoc
1236 1584 1376 1615 reuera
1396 1572 1453 1615 ita
1464 1571 1502 1614 {e
1512 1566 1662 1625 habet3
1673 1586 1771 1616 nam
1790 1568 1926 1618 nullus
1938 1576 2049 1619 redte
2070 1573 2180 1620 iudi-

523 1641 639 1687 cium
651 1635 785 1683 facere
795 1634 932 1700 potest
943 1633 996 1680 de
1005 1631 1217 1680 intellet‘ltu
1232 1653 1242 1679 ε
1255 1631 1330 1681 nifi
1344 1638 1418 1698 qui
1429 1631 1562 1680 multa
1576 1632 1844 1693 intellexerit;
1856 1635 2064 1704 valdeque
2102 1643 2181 1686 eri-

523 1719 589 1750 tus
603 1701 674 1760 fit;
689 1709 732 1748 δε
745 1705 789 1748 in
801 1700 954 1747 diuinis
976 1703 1217 1747 exercitatus
1230 1723 1240 1757 3
1252 1717 1300 1746 ac
1310 1716 1422 1766 purae
1443 1702 1594 1747 mentis
1607 1699 1730 1748 fuerit
1742 1738 1752 1748 .
1766 1699 1837 1748 hic
1847 1719 1956 1750 cette
1977 1656 2181 1771 conffiicit

523 1769 789 1816 diuinitatem
811 1763 1043 1813 intellestus
1053 1769 1097 1812 in
1106 1766 1227 1812 rebus
1240 1762 1318 1812 illis
1328 1801 1342 1822 ,
1354 1782 1455 1832 quas
1468 1764 1798 1832 contemplatur.
1814 1773 1890 1834 qui
1899 1765 2000 1815 vero
2016 1774 2180 1837 impura
2200 1773 2243 1817 G

523 1850 668 1882 mente
680 1834 738 1881 est
749 1869 763 1890 ,
775 1850 823 1880 ac
835 1836 941 1879 circa
953 1848 1153 1898 corporea
1175 1846 1340 1878 tanturn
1350 1830 1564 1878 intendens
1576 1855 1586 1888 3
1600 1832 1756 1880 iudicat
1776 1832 2036 1883 intelleetum
2048 1836 2180 1884 effee—

525 1905 568 1948 iu
574 1899 689 1947 sdem
700 1915 854 1946 naturae
863 1914 963 1945 cum
973 1897 1095 1944 rebus
1106 1922 1118 1954 ;
1128 1902 1171 1944 in
1183 1897 1338 1965 quibus
1348 1896 1510 1964 scrnper
1518 1899 1718 1945 versatur:
1731 1916 1779 1945 ac
1790 1900 1944 1964 quibus
1956 1899 2182 1950 vehemen-

528 1983 593 2014 ter
615 1966 673 2013 est
683 1963 856 2012 affectus
869 2001 879 2011 .
895 1967 957 2010 Ex
967 1981 1058 2030 quo
1070 1963 1117 2010 fit
1127 1999 1141 2020 ,
1151 1978 1197 2010 vt
1219 1979 1306 2010 tam
1320 1962 1484 2011 diuerfit
1494 1961 1574 2009 sint
1594 1962 1798 2010 sententiae
1810 1963 1862 2012 de
1874 1970 2004 2014 animi
2018 1984 2177 2016 natura:

527 2050 623 2079 eam
633 2048 817 2096 namque
827 2048 881 2077 vn
887 2026 1107 2096 usquisque
1119 2027 1246 2076 talem
1258 2028 1434 2086 iudicat,
1444 2026 1616 2094 qualern
1628 2034 1780 2076 cernit:
1792 2035 1924 2079 cernit
1932 2047 2072 2080 autern
2086 2051 2181 2082 eam

526 2104 571 2145 in
584 2098 705 2144 rebus
719 2116 729 2142 ε
745 2114 847 2162 quas
871 2093 1199 2160 contemplatur3
1213 2111 1340 2161 quare
1352 2113 1402 2141 ex
1414 2092 1648 2142 diuersitate
1668 2112 1806 2142 rerum
1818 2096 2028 2145 diuersum
2052 2104 2181 2148 etiam

527 2164 584 2211 de
593 2167 725 2210 animi
737 2178 881 2208 natura
894 2161 1099 2208 iudicium
1111 2160 1158 2208 fit
1170 2198 1180 2207 .
1197 2160 1278 2207 Sed
1290 2160 1342 2207 de
1364 2159 1428 2206 bis
1438 2162 1528 2207 [atis
1543 2197 1553 2208 .
1568 2176 1824 2209 reuertamur
1833 2163 1888 2210 ad
1909 2163 2181 2212 Aristotelem

528 2234 575 2276 in
588 2227 769 2276 secundo
779 2227 832 2274 de
844 2230 1003 2273 Anima
1013 2262 1027 2283 ,
1039 2231 1081 2273 in
1099 2241 1213 2274 textu
1224 2223 1432 2292 vigesimo
1444 2230 1582 2292 ptimo
1593 2231 1651 2274 ita
1671 2231 1808 2293 inquit
1821 2266 1831 2275 .
1844 2228 1898 2276 de
1907 2228 2120 2278 intellectu
2138 2248 2181 2278 a-

527 2294 585 2342 lia
595 2298 703 2342 ratio
715 2294 789 2340 est:
807 2292 877 2340 sed
889 2292 1051 2339 videtur
1061 2291 1147 2339 hoc
1159 2310 1288 2357 genus
1300 2295 1450 2340 animat
1458 2294 1536 2340 effe
1546 2291 1756 2341 diuersum
1768 2314 1780 2339 ι
1792 2291 1922 2361 idque
1942 2293 2080 2344 solum,
2090 2312 2182 2364 per-

530 2361 629 2408 inde
637 2377 765 2426 arque
777 2374 1023 2426 perpetuum
1035 2377 1083 2404 ex
1093 2376 1145 2405 eo
1159 2358 1280 2425 quod
1291 2357 1442 2406 accidit
1452 2358 1610 2424 seiungi
1620 2357 1874 2427 stparatique
1884 2363 2020 2428 potest
2031 2398 2042 2409 .
2068 2366 2118 2410 Et
2128 2381 2181 2410 ne

531 2430 629 2493 quis
653 2426 806 2472 diceret
822 2422 1089 2472 Aristotelem
1111 2421 1308 2471 locurum
1320 2424 1373 2470 de
1394 2422 1605 2472 intellectu
1626 2424 1990 2492 intelligentiarum
2002 2448 2014 2474 ε
2026 2426 2177 2476 subdit.

531 2508 695 2540 caeteras
707 2507 847 2538 autem
861 2506 991 2557 partes
1005 2487 1242 2556 separabiles
1256 2490 1430 2556 quidem
1442 2507 1530 2537 non
1542 2492 1620 2538 effe
1630 2528 1644 2549 ,
1654 2507 1700 2539 vt
1712 2491 1886 2559 quidam
1900 2494 2094 2542 dixerunt
2104 2531 2120 2552 ,
2130 2512 2182 2542 ex
2229 2480 2282 2528 H

531 2557 595 2605 his
608 2574 741 2624 patet‘3
755 2561 915 2603 ratione
925 2553 1025 2603 verb
1037 2554 1199 2603 differre
1211 2574 1300 2603 non
1312 2556 1538 2604 obscurum
1548 2558 1724 2615 videtur,
1736 2575 1918 2625 namque
1930 2559 2110 2608 stnfitiui
2119 2578 2182 2608 ra-

531 2628 595 2671 tio
609 2622 767 2670 diuersa
778 2623 837 2670 est
847 2619 869 2668 a*
881 2626 1039 2668 ratione
1051 2625 1238 2689 principij
1252 2622 1466 2689 opinandi,
1476 2623 1680 2690 liquidem
1692 2623 1902 2672 statim&
1916 2643 1946 2672 o
1975 2630 2078 2674 inari
2088 2627 2182 2674 sunt

532 2689 799 2737 diuersa-ecce
809 2686 941 2755 quim
954 2687 1059 2735 clare
1067 2689 1177 2735 dicat
1187 2690 1308 2755 quod
1320 2687 1653 2755 intelle-&usgue
1662 2689 1766 2737 dixit
1778 2690 1948 2758 separari
1956 2710 1978 2738 a
1988 2710 2181 2759 corpore,

534 2765 578 2803 &
593 2756 669 2802 esse
683 2753 947 2821 perpetufi,sit
959 2758 1207 2820 principium
1219 2754 1432 2820 opinandi,
1444 2752 1650 2822 differarq3
1664 2761 1824 2803 ratione
1834 2754 1858 2804 ἃ
1866 2758 2050 2824 partibus
2062 2756 2182 2805 senfi-

532 2826 737 2888 tiuis,quoe
749 2838 835 2867 non
850 2822 941 2867 sunt
969 2818 1203 2886 eparabiles.
1218 2821 1298 2867 Sed,
1310 2821 1414 2887 quid
1424 2838 1572 2868 moror
1582 2827 1626 2869 in
1638 2839 1678 2868 re
1690 2838 1776 2870 tam
1790 2821 1896 2870 clara
1908 2835 1922 2870 ἓ
1934 2828 2177 2872 innumeros

534 2904 643 2935 certe
653 2887 861 2934 adducere
871 2886 1031 2953 possem
1053 2884 1286 2933 Aristotelis
1302 2884 1422 2934 locos
1442 2886 1528 2935 hoc
1541 2885 1808 2954 explicantes:
1822 2889 1876 2936 ab
1920 2890 2040 2936 uibus
2058 2891 2183 2937 absti-

533 2972 629 3001 nere
641 2950 745 3000 volo
759 2990 769 3000 .
779 2956 909 3000 Nunc
921 2953 1242 3019 respondeamus
1262 2952 1315 3000 ad
1328 2953 1436 3000 duos
1448 2952 1576 3002 tresve
1584 2956 1706 3002 locos
1720 2989 1734 3009 ,
1746 2972 1854 3021 quos
1866 2972 1888 3002 a
1917 2956 2038 3004 ,ducit
2048 2953 2181 3004 excel-

531 3019 659 3067 lentia
671 3034 753 3066 tua.
765 3023 923 3087 primus
938 3017 1055 3066 locus
1069 3018 1177 3066 estin
1191 3023 1314 3066 tertio
1328 3019 1380 3067 de
1392 3020 1636 3077 Animastbi
1646 3020 1750 3068 dicit
1762 3020 1882 3087 quod
1894 3020 2124 3070 intellectus
2136 3039 2180 3069 a·

533 3104 633 3152 gens
647 3082 783 3133 solum
797 3083 1113 3133 estimmortalis
1125 3083 1217 3134 vete
1230 3103 1276 3132 ac
1288 3085 1502 3152 separatu&
1518 3095 1562 3134 δε
1574 3087 1694 3154 quod
1706 3104 1794 3134 non
1806 3089 2076 3136 recordamur
2084 3087 2180 3155 post

534 3168 735 3211 mortem,
747 3157 845 3220 quia
856 3150 1085 3200 intellectus
1100 3149 1294 3219 paffibilis
1306 3151 1584 3220 corruptibilis
1600 3154 1678 3201 est:
1696 3161 1738 3202 δι
1750 3153 1834 3202 sine
1846 3153 1930 3202 hoc
1946 3152 2048 3204 nihil
2060 3151 2180 3202 intel-

2088 3219 2179 3287 ligit
